,code,name,time,price,volume,preprice,type
0,601766,中国中车,14:59:56,10.11,43900,10.1,买盘
1,601766,中国中车,14:59:41,10.11,333500,10.12,卖盘
2,601766,中国中车,14:59:29,10.11,50600,10.12,卖盘
3,601766,中国中车,14:59:26,10.12,167800,10.11,买盘
4,601766,中国中车,14:59:23,10.11,517400,10.12,卖盘
5,601766,中国中车,14:59:01,10.11,163200,10.1,买盘
6,601766,中国中车,14:58:43,10.12,115400,10.12,买盘
7,601766,中国中车,14:58:40,10.12,221100,10.11,买盘
8,601766,中国中车,14:58:25,10.11,111700,10.1,买盘
9,601766,中国中车,14:58:23,10.1,51900,10.11,卖盘
10,601766,中国中车,14:57:34,10.11,289740,10.11,买盘
11,601766,中国中车,14:57:10,10.11,68445,10.11,买盘
12,601766,中国中车,14:56:49,10.11,114300,10.11,买盘
13,601766,中国中车,14:56:48,10.11,505900,10.1,买盘
14,601766,中国中车,14:56:34,10.1,111300,10.11,卖盘
15,601766,中国中车,14:55:52,10.1,73800,10.11,卖盘
16,601766,中国中车,14:55:20,10.11,51500,10.11,买盘
17,601766,中国中车,14:54:49,10.1,40000,10.1,卖盘
18,601766,中国中车,14:54:17,10.11,133800,10.1,买盘
19,601766,中国中车,14:52:16,10.1,40100,10.11,卖盘
20,601766,中国中车,14:51:22,10.1,48300,10.11,卖盘
21,601766,中国中车,14:49:16,10.09,63400,10.1,卖盘
22,601766,中国中车,14:48:50,10.1,269033,10.1,买盘
23,601766,中国中车,14:47:46,10.09,1012200,10.09,卖盘
24,601766,中国中车,14:47:25,10.1,487867,10.11,卖盘
25,601766,中国中车,14:45:31,10.11,50200,10.11,买盘
26,601766,中国中车,14:44:49,10.11,47900,10.11,买盘
27,601766,中国中车,14:43:58,10.11,45000,10.11,买盘
28,601766,中国中车,14:42:46,10.12,41300,10.11,买盘
29,601766,中国中车,14:42:10,10.12,56000,10.12,买盘
30,601766,中国中车,14:41:43,10.11,81300,10.12,卖盘
31,601766,中国中车,14:41:18,10.11,55500,10.11,卖盘
32,601766,中国中车,14:39:47,10.12,220000,10.11,买盘
33,601766,中国中车,14:39:40,10.11,70300,10.11,卖盘
34,601766,中国中车,14:39:28,10.12,224300,10.11,买盘
35,601766,中国中车,14:39:10,10.11,230500,10.1,买盘
36,601766,中国中车,14:38:52,10.1,228410,10.11,卖盘
37,601766,中国中车,14:38:37,10.1,222000,10.1,卖盘
38,601766,中国中车,14:38:19,10.11,233400,10.1,买盘
39,601766,中国中车,14:38:04,10.11,236400,10.1,买盘
40,601766,中国中车,14:37:47,10.11,220000,10.11,买盘
41,601766,中国中车,14:37:31,10.1,222600,10.11,卖盘
42,601766,中国中车,14:37:25,10.1,91300,10.1,卖盘
43,601766,中国中车,14:37:22,10.1,42200,10.1,卖盘
44,601766,中国中车,14:37:16,10.1,222600,10.1,卖盘
45,601766,中国中车,14:36:58,10.1,132000,10.1,买盘
46,601766,中国中车,14:35:58,10.09,60900,10.09,卖盘
47,601766,中国中车,14:33:55,10.1,56600,10.11,卖盘
48,601766,中国中车,14:33:46,10.1,64000,10.1,卖盘
49,601766,中国中车,14:32:55,10.1,204000,10.11,卖盘
50,601766,中国中车,14:32:43,10.1,57100,10.1,卖盘
51,601766,中国中车,14:29:22,10.1,127400,10.11,卖盘
52,601766,中国中车,14:28:28,10.1,102000,10.11,卖盘
53,601766,中国中车,14:25:22,10.12,100400,10.11,买盘
54,601766,中国中车,14:25:16,10.11,83260,10.11,卖盘
55,601766,中国中车,14:25:04,10.12,48700,10.12,买盘
56,601766,中国中车,14:22:01,10.12,103000,10.11,买盘
57,601766,中国中车,14:21:00,10.12,190800,10.12,买盘
58,601766,中国中车,14:20:29,10.12,48000,10.13,卖盘
59,601766,中国中车,14:20:15,10.13,95800,10.12,买盘
60,601766,中国中车,14:20:13,10.12,281600,10.13,卖盘
61,601766,中国中车,14:20:08,10.13,239000,10.13,买盘
62,601766,中国中车,14:19:51,10.12,234300,10.13,卖盘
63,601766,中国中车,14:19:43,10.12,174100,10.12,卖盘
64,601766,中国中车,14:19:39,10.12,127400,10.13,卖盘
65,601766,中国中车,14:19:36,10.13,48100,10.13,买盘
66,601766,中国中车,14:19:22,10.12,577460,10.11,买盘
67,601766,中国中车,14:19:16,10.12,839200,10.11,买盘
68,601766,中国中车,14:19:13,10.11,225300,10.11,买盘
69,601766,中国中车,14:18:55,10.1,220800,10.1,卖盘
70,601766,中国中车,14:18:37,10.11,231000,10.1,买盘
71,601766,中国中车,14:18:21,10.11,221900,10.1,买盘
72,601766,中国中车,14:18:04,10.1,222000,10.1,买盘
73,601766,中国中车,14:17:49,10.1,223800,10.1,卖盘
74,601766,中国中车,14:17:31,10.1,188500,10.1,买盘
75,601766,中国中车,14:17:28,10.1,112700,10.1,买盘
76,601766,中国中车,14:17:13,10.09,227500,10.09,卖盘
77,601766,中国中车,14:14:55,10.09,60000,10.09,卖盘
78,601766,中国中车,14:13:37,10.1,48300,10.09,买盘
79,601766,中国中车,14:12:25,10.1,220000,10.08,买盘
80,601766,中国中车,14:12:22,10.08,116800,10.09,卖盘
81,601766,中国中车,14:12:07,10.09,226900,10.09,买盘
82,601766,中国中车,14:12:04,10.09,110000,10.09,买盘
83,601766,中国中车,14:11:52,10.09,220600,10.09,买盘
84,601766,中国中车,14:11:49,10.09,118200,10.09,买盘
85,601766,中国中车,14:11:46,10.09,205600,10.1,卖盘
86,601766,中国中车,14:11:34,10.09,221100,10.09,卖盘
87,601766,中国中车,14:11:16,10.1,220500,10.09,买盘
88,601766,中国中车,14:11:01,10.1,110000,10.08,买盘
89,601766,中国中车,14:10:55,10.1,224900,10.09,买盘
90,601766,中国中车,14:10:46,10.09,110000,10.08,买盘
91,601766,中国中车,14:10:37,10.09,220000,10.09,买盘
92,601766,中国中车,14:10:25,10.09,79064,10.09,卖盘
93,601766,中国中车,14:10:04,10.09,221200,10.09,卖盘
94,601766,中国中车,14:09:49,10.09,137136,10.09,买盘
95,601766,中国中车,14:09:28,10.08,221900,10.08,卖盘
96,601766,中国中车,14:09:13,10.09,220200,10.08,买盘
97,601766,中国中车,14:08:55,10.08,220400,10.08,买盘
98,601766,中国中车,14:08:52,10.08,51900,10.09,卖盘
99,601766,中国中车,14:06:31,10.09,264136,10.07,买盘
100,601766,中国中车,14:03:55,10.08,60800,10.08,卖盘
101,601766,中国中车,14:03:52,10.08,160200,10.08,卖盘
102,601766,中国中车,14:03:31,10.09,62764,10.09,卖盘
103,601766,中国中车,14:03:25,10.09,150000,10.1,卖盘
104,601766,中国中车,14:01:07,10.1,45200,10.1,买盘
105,601766,中国中车,14:00:22,10.1,45400,10.1,买盘
106,601766,中国中车,14:00:09,10.1,80700,10.1,买盘
107,601766,中国中车,13:58:43,10.1,55700,10.1,买盘
108,601766,中国中车,13:56:34,10.1,57400,10.09,买盘
109,601766,中国中车,13:56:16,10.09,92000,10.09,卖盘
110,601766,中国中车,13:54:13,10.1,103500,10.1,卖盘
111,601766,中国中车,13:53:46,10.11,58600,10.11,买盘
112,601766,中国中车,13:53:34,10.11,113400,10.11,卖盘
113,601766,中国中车,13:53:31,10.11,54900,10.11,卖盘
114,601766,中国中车,13:52:46,10.11,87200,10.11,卖盘
115,601766,中国中车,13:52:37,10.11,86800,10.11,买盘
116,601766,中国中车,13:52:34,10.11,182200,10.1,买盘
117,601766,中国中车,13:52:28,10.11,240300,10.11,买盘
118,601766,中国中车,13:52:25,10.11,61500,10.11,买盘
119,601766,中国中车,13:52:19,10.1,176300,10.11,卖盘
120,601766,中国中车,13:52:13,10.1,108100,10.11,卖盘
121,601766,中国中车,13:52:10,10.11,326100,10.1,买盘
122,601766,中国中车,13:52:01,10.1,245745,10.1,买盘
123,601766,中国中车,13:51:58,10.1,223300,10.1,买盘
124,601766,中国中车,13:51:55,10.1,464900,10.1,买盘
125,601766,中国中车,13:51:52,10.1,228100,10.1,买盘
126,601766,中国中车,13:51:37,10.1,70500,10.09,买盘
127,601766,中国中车,13:51:34,10.09,118800,10.1,卖盘
128,601766,中国中车,13:51:31,10.1,240000,10.09,买盘
129,601766,中国中车,13:51:22,10.1,41100,10.09,买盘
130,601766,中国中车,13:51:13,10.09,217332,10.08,买盘
131,601766,中国中车,13:51:04,10.09,561800,10.08,买盘
132,601766,中国中车,13:50:58,10.09,222400,10.08,买盘
133,601766,中国中车,13:50:37,10.09,220500,10.08,买盘
134,601766,中国中车,13:49:55,10.09,220000,10.07,买盘
135,601766,中国中车,13:49:37,10.08,220000,10.07,买盘
136,601766,中国中车,13:49:16,10.08,220000,10.07,买盘
137,601766,中国中车,13:48:58,10.07,221000,10.07,卖盘
138,601766,中国中车,13:48:31,10.07,52000,10.08,卖盘
139,601766,中国中车,13:47:04,10.08,48000,10.07,买盘
140,601766,中国中车,13:39:07,10.09,79600,10.09,买盘
141,601766,中国中车,13:38:34,10.08,221000,10.08,买盘
142,601766,中国中车,13:38:18,10.08,224100,10.08,买盘
143,601766,中国中车,13:37:55,10.07,337800,10.08,卖盘
144,601766,中国中车,13:37:38,10.07,221200,10.08,卖盘
145,601766,中国中车,13:37:27,10.07,55000,10.08,卖盘
146,601766,中国中车,13:37:16,10.08,220000,10.08,买盘
147,601766,中国中车,13:36:30,10.08,220500,10.06,买盘
148,601766,中国中车,13:36:12,10.07,220000,10.06,买盘
149,601766,中国中车,13:35:50,10.07,220100,10.06,买盘
150,601766,中国中车,13:29:58,10.06,47270,10.06,买盘
151,601766,中国中车,13:28:25,10.06,62030,10.07,卖盘
152,601766,中国中车,13:15:16,10.07,50000,10.07,卖盘
153,601766,中国中车,13:14:18,10.07,49934,10.06,买盘
154,601766,中国中车,13:13:54,10.07,223000,10.06,买盘
155,601766,中国中车,13:13:36,10.07,220000,10.06,买盘
156,601766,中国中车,13:09:43,10.05,58900,10.05,卖盘
157,601766,中国中车,13:00:04,10.06,848000,10.05,买盘
158,601766,中国中车,11:26:04,10.06,100000,10.06,卖盘
159,601766,中国中车,11:24:55,10.07,47400,10.06,买盘
160,601766,中国中车,11:23:15,10.07,220000,10.05,买盘
161,601766,中国中车,11:22:54,10.06,223000,10.06,买盘
162,601766,中国中车,11:22:30,10.05,223800,10.05,卖盘
163,601766,中国中车,11:00:12,10.05,163596,10.04,买盘
164,601766,中国中车,10:59:36,10.03,220900,10.04,卖盘
165,601766,中国中车,10:59:18,10.04,220500,10.03,买盘
166,601766,中国中车,10:59:00,10.04,220000,10.02,买盘
167,601766,中国中车,10:57:54,10.03,50000,10.02,买盘
168,601766,中国中车,10:56:18,10.02,64800,10.03,卖盘
169,601766,中国中车,10:55:48,10.03,50000,10.03,卖盘
170,601766,中国中车,10:55:09,10.03,50000,10.03,卖盘
171,601766,中国中车,10:53:42,10.03,100000,10.03,卖盘
172,601766,中国中车,10:53:36,10.03,64800,10.03,卖盘
173,601766,中国中车,10:52:29,10.03,102350,10.04,卖盘
174,601766,中国中车,10:51:53,10.04,55100,10.03,买盘
175,601766,中国中车,10:49:16,10.03,43200,10.03,卖盘
176,601766,中国中车,10:48:31,10.03,71000,10.03,卖盘
177,601766,中国中车,10:45:10,10.03,78600,10.03,卖盘
178,601766,中国中车,10:43:54,10.03,51700,10.03,卖盘
179,601766,中国中车,10:43:12,10.03,65000,10.03,卖盘
180,601766,中国中车,10:41:42,10.04,378090,10.05,卖盘
181,601766,中国中车,10:38:27,10.05,220000,10.04,买盘
182,601766,中国中车,10:36:54,10.04,46400,10.05,卖盘
183,601766,中国中车,10:36:42,10.04,45700,10.04,卖盘
184,601766,中国中车,10:36:15,10.04,50000,10.04,卖盘
185,601766,中国中车,10:35:12,10.05,52000,10.04,买盘
186,601766,中国中车,10:32:15,10.05,51900,10.05,买盘
187,601766,中国中车,10:30:24,10.04,54400,10.04,卖盘
188,601766,中国中车,10:28:45,10.05,50000,10.04,买盘
189,601766,中国中车,10:26:33,10.04,48100,10.04,卖盘
190,601766,中国中车,10:25:57,10.04,65200,10.05,卖盘
191,601766,中国中车,10:23:39,10.05,64100,10.05,卖盘
192,601766,中国中车,10:21:48,10.05,50600,10.05,卖盘
193,601766,中国中车,10:08:00,10.06,104900,10.05,买盘
194,601766,中国中车,09:55:18,10.05,294400,10.05,买盘
195,601766,中国中车,09:52:15,10.04,257900,10.05,卖盘
196,601766,中国中车,09:48:57,10.05,99200,10.05,卖盘
197,601766,中国中车,09:47:06,10.06,55100,10.07,卖盘
198,601766,中国中车,09:44:41,10.07,49900,10.07,卖盘
199,601766,中国中车,09:42:03,10.06,151700,10.07,卖盘
200,601766,中国中车,09:41:03,10.07,93400,10.07,买盘
201,601766,中国中车,09:40:30,10.06,58200,10.06,卖盘
202,601766,中国中车,09:39:36,10.07,42600,10.07,买盘
203,601766,中国中车,09:39:24,10.07,101800,10.07,买盘
204,601766,中国中车,09:37:12,10.07,53300,10.08,卖盘
205,601766,中国中车,09:36:00,10.07,80400,10.07,买盘
206,601766,中国中车,09:35:12,10.08,47890,10.08,买盘
207,601766,中国中车,09:35:03,10.07,79400,10.08,卖盘
208,601766,中国中车,09:34:48,10.08,40200,10.08,卖盘
209,601766,中国中车,09:34:27,10.08,49300,10.08,买盘
210,601766,中国中车,09:34:12,10.08,41600,10.08,买盘
211,601766,中国中车,09:34:00,10.08,65200,10.08,买盘
212,601766,中国中车,09:33:57,10.08,101100,10.08,买盘
213,601766,中国中车,09:33:42,10.08,71600,10.08,买盘
214,601766,中国中车,09:33:30,10.08,42900,10.07,买盘
215,601766,中国中车,09:32:48,10.07,77200,10.07,买盘
216,601766,中国中车,09:32:24,10.06,40500,10.07,卖盘
217,601766,中国中车,09:32:03,10.07,59600,10.06,买盘
218,601766,中国中车,09:30:45,10.05,46500,10.05,卖盘
219,601766,中国中车,09:30:03,10.05,128900,10.05,买盘
220,601766,中国中车,09:25:02,10.05,184100,0.0,买盘
