,code,name,time,price,volume,preprice,type
0,601886,江河集团,14:58:24,10.25,50000,10.25,卖盘
1,601886,江河集团,14:57:39,10.25,50000,10.25,卖盘
2,601886,江河集团,14:57:30,10.25,51000,10.25,买盘
3,601886,江河集团,14:57:15,10.25,50900,10.25,卖盘
4,601886,江河集团,14:57:00,10.25,50500,10.24,买盘
5,601886,江河集团,14:55:30,10.26,43100,10.26,买盘
6,601886,江河集团,14:55:21,10.25,129100,10.26,卖盘
7,601886,江河集团,14:54:48,10.28,131300,10.27,买盘
8,601886,江河集团,14:53:45,10.25,504400,10.28,卖盘
9,601886,江河集团,14:53:24,10.26,112300,10.27,卖盘
10,601886,江河集团,14:53:03,10.27,50100,10.28,卖盘
11,601886,江河集团,14:52:44,10.28,103700,10.29,卖盘
12,601886,江河集团,14:51:59,10.3,40400,10.29,卖盘
13,601886,江河集团,14:51:56,10.29,50000,10.3,卖盘
14,601886,江河集团,14:50:34,10.3,50200,10.31,卖盘
15,601886,江河集团,14:50:11,10.31,211200,10.31,买盘
16,601886,江河集团,14:49:47,10.31,48398,10.31,卖盘
17,601886,江河集团,14:49:38,10.31,150600,10.31,买盘
18,601886,江河集团,14:49:26,10.3,73900,10.31,卖盘
19,601886,江河集团,14:48:50,10.3,90000,10.31,卖盘
20,601886,江河集团,14:48:16,10.3,59700,10.3,卖盘
21,601886,江河集团,14:48:11,10.3,42200,10.3,买盘
22,601886,江河集团,14:46:59,10.3,60000,10.3,卖盘
23,601886,江河集团,14:46:32,10.3,52000,10.3,卖盘
24,601886,江河集团,14:45:59,10.29,44886,10.31,卖盘
25,601886,江河集团,14:45:53,10.3,50500,10.3,卖盘
26,601886,江河集团,14:44:59,10.3,52314,10.31,卖盘
27,601886,江河集团,14:44:17,10.3,73914,10.31,卖盘
28,601886,江河集团,14:44:05,10.31,44500,10.31,买盘
29,601886,江河集团,14:43:28,10.3,50000,10.32,卖盘
30,601886,江河集团,14:43:10,10.31,46000,10.31,卖盘
31,601886,江河集团,14:42:40,10.32,44500,10.33,卖盘
32,601886,江河集团,14:41:16,10.3,102000,10.31,卖盘
33,601886,江河集团,14:41:13,10.31,44886,10.31,买盘
34,601886,江河集团,14:39:19,10.3,40200,10.3,卖盘
35,601886,江河集团,14:38:57,10.31,51800,10.32,卖盘
36,601886,江河集团,14:37:51,10.26,98800,10.28,卖盘
37,601886,江河集团,14:37:21,10.3,285200,10.35,卖盘
38,601886,江河集团,14:37:15,10.31,57900,10.35,卖盘
39,601886,江河集团,14:37:06,10.35,69100,10.35,卖盘
40,601886,江河集团,14:36:57,10.35,49200,10.37,卖盘
41,601886,江河集团,14:36:36,10.38,406000,10.39,卖盘
42,601886,江河集团,14:36:18,10.39,52400,10.4,卖盘
43,601886,江河集团,14:36:12,10.39,58800,10.39,卖盘
44,601886,江河集团,14:36:06,10.39,68600,10.4,卖盘
45,601886,江河集团,14:34:21,10.4,50000,10.4,卖盘
46,601886,江河集团,14:31:46,10.4,45000,10.4,卖盘
47,601886,江河集团,14:21:55,10.4,100100,10.39,买盘
48,601886,江河集团,14:18:25,10.4,45800,10.41,卖盘
49,601886,江河集团,14:18:04,10.4,101200,10.39,买盘
50,601886,江河集团,14:17:18,10.4,43200,10.4,卖盘
51,601886,江河集团,14:16:33,10.41,58000,10.4,买盘
52,601886,江河集团,14:04:16,10.4,72700,10.42,卖盘
53,601886,江河集团,13:58:31,10.4,45200,10.4,卖盘
54,601886,江河集团,13:58:22,10.4,50000,10.4,卖盘
55,601886,江河集团,13:49:43,10.39,40000,10.4,卖盘
56,601886,江河集团,13:27:34,10.43,76200,10.4,买盘
57,601886,江河集团,13:27:25,10.4,50000,10.4,卖盘
58,601886,江河集团,13:22:58,10.39,43300,10.39,卖盘
59,601886,江河集团,13:18:52,10.39,74100,10.4,卖盘
60,601886,江河集团,13:17:43,10.4,64800,10.4,卖盘
61,601886,江河集团,13:17:16,10.4,50000,10.4,卖盘
62,601886,江河集团,11:24:22,10.41,295500,10.41,买盘
63,601886,江河集团,11:24:04,10.41,259100,10.42,卖盘
64,601886,江河集团,11:22:43,10.42,160000,10.43,卖盘
65,601886,江河集团,11:20:46,10.42,70000,10.44,卖盘
66,601886,江河集团,11:04:10,10.44,61200,10.44,买盘
67,601886,江河集团,11:02:16,10.43,130000,10.44,卖盘
68,601886,江河集团,11:01:01,10.44,50300,10.43,买盘
69,601886,江河集团,10:59:01,10.42,69200,10.44,卖盘
70,601886,江河集团,10:58:46,10.43,45700,10.44,卖盘
71,601886,江河集团,10:55:49,10.45,147400,10.46,卖盘
72,601886,江河集团,10:55:28,10.46,145300,10.47,卖盘
73,601886,江河集团,10:49:30,10.49,100000,10.48,买盘
74,601886,江河集团,10:48:50,10.49,150000,10.47,买盘
75,601886,江河集团,10:48:36,10.49,50000,10.46,买盘
76,601886,江河集团,10:48:23,10.46,60300,10.49,卖盘
77,601886,江河集团,10:48:11,10.49,50100,10.46,买盘
78,601886,江河集团,10:35:18,10.47,100000,10.47,卖盘
79,601886,江河集团,10:33:42,10.5,49000,10.49,买盘
80,601886,江河集团,10:33:27,10.5,40000,10.49,买盘
81,601886,江河集团,10:32:51,10.48,48500,10.49,卖盘
82,601886,江河集团,10:32:00,10.5,48000,10.5,买盘
83,601886,江河集团,10:31:27,10.5,45000,10.48,买盘
84,601886,江河集团,10:30:54,10.5,40000,10.47,买盘
85,601886,江河集团,10:29:48,10.47,55100,10.48,卖盘
86,601886,江河集团,10:23:20,10.49,47600,10.48,买盘
87,601886,江河集团,10:22:11,10.48,56500,10.49,卖盘
88,601886,江河集团,10:08:12,10.53,250000,10.48,买盘
89,601886,江河集团,10:07:54,10.53,200000,10.46,买盘
90,601886,江河集团,10:02:32,10.47,42800,10.47,卖盘
91,601886,江河集团,10:00:02,10.48,130400,10.49,卖盘
92,601886,江河集团,09:56:30,10.49,111796,10.5,卖盘
93,601886,江河集团,09:46:30,10.56,153200,10.5,买盘
94,601886,江河集团,09:46:18,10.56,100000,10.5,买盘
95,601886,江河集团,09:30:03,10.47,50300,10.47,买盘
