,code,name,time,price,volume,preprice,type
0,601699,潞安环能,14:59:42,7.81,50400,7.82,卖盘
1,601699,潞安环能,14:58:45,7.81,58100,7.8,买盘
2,601699,潞安环能,14:58:21,7.8,95800,7.8,买盘
3,601699,潞安环能,14:57:21,7.8,110000,7.79,买盘
4,601699,潞安环能,14:50:47,7.79,250800,7.79,卖盘
5,601699,潞安环能,14:49:38,7.8,270000,7.78,买盘
6,601699,潞安环能,14:49:28,7.78,63716,7.79,卖盘
7,601699,潞安环能,14:49:20,7.79,50200,7.79,卖盘
8,601699,潞安环能,14:48:37,7.8,51600,7.79,买盘
9,601699,潞安环能,14:41:16,7.8,58200,7.8,卖盘
10,601699,潞安环能,14:37:57,7.78,370300,7.8,卖盘
11,601699,潞安环能,14:36:33,7.8,84000,7.8,卖盘
12,601699,潞安环能,14:35:54,7.8,72200,7.8,卖盘
13,601699,潞安环能,14:35:51,7.8,59400,7.81,卖盘
14,601699,潞安环能,14:35:42,7.81,62000,7.8,中性盘
15,601699,潞安环能,14:17:06,7.8,500000,7.83,卖盘
16,601699,潞安环能,14:11:34,7.84,44000,7.83,买盘
17,601699,潞安环能,14:11:19,7.83,75000,7.84,卖盘
18,601699,潞安环能,14:09:31,7.83,48600,7.83,卖盘
19,601699,潞安环能,14:04:40,7.84,52800,7.84,卖盘
20,601699,潞安环能,14:00:46,7.84,160200,7.85,卖盘
21,601699,潞安环能,13:55:06,7.84,45000,7.84,买盘
22,601699,潞安环能,13:54:51,7.85,250100,7.84,买盘
23,601699,潞安环能,13:53:51,7.84,65300,7.83,买盘
24,601699,潞安环能,13:51:33,7.83,48000,7.83,卖盘
25,601699,潞安环能,13:41:52,7.81,40000,7.81,卖盘
26,601699,潞安环能,13:09:39,7.79,40000,7.8,卖盘
27,601699,潞安环能,13:00:04,7.81,194200,7.82,买盘
28,601699,潞安环能,11:29:24,7.82,150200,7.82,买盘
29,601699,潞安环能,11:29:01,7.81,59000,7.8,买盘
30,601699,潞安环能,11:21:16,7.8,55100,7.79,买盘
31,601699,潞安环能,11:16:06,7.79,45000,7.78,买盘
32,601699,潞安环能,11:13:03,7.79,50000,7.79,卖盘
33,601699,潞安环能,11:10:08,7.79,47000,7.79,买盘
34,601699,潞安环能,11:06:25,7.77,55000,7.77,卖盘
35,601699,潞安环能,11:04:51,7.78,73200,7.79,卖盘
36,601699,潞安环能,10:59:40,7.77,42600,7.76,买盘
37,601699,潞安环能,10:58:21,7.76,49000,7.76,卖盘
38,601699,潞安环能,10:55:18,7.76,52000,7.76,卖盘
39,601699,潞安环能,10:48:11,7.76,62600,7.76,卖盘
40,601699,潞安环能,10:47:32,7.76,50700,7.77,卖盘
41,601699,潞安环能,10:45:20,7.75,45236,7.75,买盘
42,601699,潞安环能,10:45:11,7.75,51500,7.75,买盘
43,601699,潞安环能,10:45:02,7.75,64564,7.76,卖盘
44,601699,潞安环能,10:44:59,7.76,50000,7.76,买盘
45,601699,潞安环能,10:44:50,7.75,67700,7.76,卖盘
46,601699,潞安环能,10:44:37,7.76,50100,7.76,买盘
47,601699,潞安环能,10:43:51,7.76,110000,7.75,买盘
48,601699,潞安环能,10:38:57,7.74,51600,7.74,买盘
49,601699,潞安环能,10:38:54,7.74,55000,7.74,买盘
50,601699,潞安环能,10:38:31,7.74,51000,7.74,买盘
51,601699,潞安环能,10:38:27,7.74,69300,7.74,买盘
52,601699,潞安环能,10:37:57,7.74,184257,7.76,卖盘
53,601699,潞安环能,10:37:36,7.76,45400,7.75,买盘
54,601699,潞安环能,10:37:31,7.75,50100,7.76,卖盘
55,601699,潞安环能,10:37:24,7.75,80900,7.75,卖盘
56,601699,潞安环能,10:36:33,7.75,65000,7.76,卖盘
57,601699,潞安环能,10:36:06,7.76,129239,7.76,卖盘
58,601699,潞安环能,10:34:24,7.77,90000,7.78,卖盘
59,601699,潞安环能,10:27:39,7.76,275190,7.77,卖盘
60,601699,潞安环能,10:26:02,7.77,84000,7.77,卖盘
61,601699,潞安环能,10:25:50,7.78,100000,7.77,买盘
62,601699,潞安环能,10:23:35,7.78,80000,7.79,卖盘
63,601699,潞安环能,10:22:15,7.79,91100,7.8,卖盘
64,601699,潞安环能,10:19:15,7.8,50530,7.81,卖盘
65,601699,潞安环能,10:18:39,7.81,113300,7.8,买盘
66,601699,潞安环能,10:14:39,7.81,50000,7.8,买盘
67,601699,潞安环能,10:14:24,7.8,72000,7.8,卖盘
68,601699,潞安环能,10:14:00,7.81,43400,7.8,买盘
69,601699,潞安环能,10:12:15,7.81,227100,7.81,买盘
70,601699,潞安环能,10:03:41,7.83,119800,7.83,买盘
71,601699,潞安环能,10:03:02,7.83,56800,7.82,买盘
72,601699,潞安环能,10:01:56,7.83,120000,7.83,买盘
73,601699,潞安环能,10:01:05,7.83,45200,7.83,卖盘
74,601699,潞安环能,10:00:41,7.84,59500,7.82,买盘
75,601699,潞安环能,09:59:57,7.84,55500,7.83,买盘
76,601699,潞安环能,09:59:33,7.84,65000,7.83,买盘
77,601699,潞安环能,09:59:30,7.83,87000,7.83,买盘
78,601699,潞安环能,09:58:33,7.82,46800,7.82,买盘
79,601699,潞安环能,09:58:18,7.82,50000,7.83,卖盘
80,601699,潞安环能,09:58:12,7.83,50400,7.83,买盘
81,601699,潞安环能,09:57:03,7.81,95830,7.8,买盘
82,601699,潞安环能,09:56:48,7.8,49900,7.81,卖盘
83,601699,潞安环能,09:54:09,7.81,52100,7.8,买盘
84,601699,潞安环能,09:53:54,7.81,45170,7.81,卖盘
85,601699,潞安环能,09:52:51,7.82,54500,7.82,卖盘
86,601699,潞安环能,09:51:39,7.82,54200,7.82,卖盘
87,601699,潞安环能,09:50:30,7.82,57500,7.83,卖盘
88,601699,潞安环能,09:48:15,7.83,42100,7.83,卖盘
89,601699,潞安环能,09:48:03,7.84,45100,7.84,卖盘
90,601699,潞安环能,09:47:54,7.84,47500,7.83,买盘
91,601699,潞安环能,09:47:21,7.83,60200,7.84,卖盘
92,601699,潞安环能,09:47:18,7.84,42100,7.84,买盘
93,601699,潞安环能,09:46:57,7.83,40600,7.83,卖盘
94,601699,潞安环能,09:46:24,7.84,52900,7.82,买盘
95,601699,潞安环能,09:45:57,7.82,55500,7.82,卖盘
96,601699,潞安环能,09:45:21,7.83,51400,7.83,卖盘
97,601699,潞安环能,09:45:18,7.83,107800,7.82,买盘
98,601699,潞安环能,09:45:15,7.82,102000,7.82,买盘
99,601699,潞安环能,09:44:48,7.83,49200,7.82,买盘
100,601699,潞安环能,09:43:57,7.82,55000,7.83,卖盘
101,601699,潞安环能,09:42:35,7.82,80300,7.84,卖盘
102,601699,潞安环能,09:42:20,7.83,90400,7.84,卖盘
103,601699,潞安环能,09:41:59,7.85,100000,7.84,买盘
104,601699,潞安环能,09:41:20,7.85,55900,7.85,买盘
105,601699,潞安环能,09:41:08,7.85,101000,7.84,买盘
106,601699,潞安环能,09:40:41,7.84,45300,7.83,买盘
107,601699,潞安环能,09:38:51,7.82,112600,7.81,买盘
108,601699,潞安环能,09:37:24,7.81,137327,7.79,买盘
109,601699,潞安环能,09:36:39,7.8,86900,7.81,卖盘
110,601699,潞安环能,09:36:00,7.8,40600,7.8,卖盘
111,601699,潞安环能,09:35:36,7.8,44427,7.8,买盘
112,601699,潞安环能,09:35:24,7.8,63000,7.8,买盘
113,601699,潞安环能,09:34:15,7.8,62200,7.79,买盘
114,601699,潞安环能,09:32:24,7.8,42000,7.79,买盘
115,601699,潞安环能,09:32:00,7.79,44500,7.79,买盘
116,601699,潞安环能,09:30:36,7.77,50900,7.78,卖盘
117,601699,潞安环能,09:30:18,7.77,84800,7.76,买盘
118,601699,潞安环能,09:30:06,7.77,237900,7.77,卖盘
119,601699,潞安环能,09:30:03,7.77,161400,7.78,卖盘
120,601699,潞安环能,09:25:03,7.78,210700,0.0,买盘
