,code,name,time,price,volume,preprice,type
0,601872,招商轮船,14:58:46,5.17,40000,5.17,卖盘
1,601872,招商轮船,14:54:58,5.16,229600,5.17,卖盘
2,601872,招商轮船,14:54:49,5.18,500000,5.17,买盘
3,601872,招商轮船,14:54:34,5.17,44109,5.17,买盘
4,601872,招商轮船,14:52:39,5.17,100000,5.18,卖盘
5,601872,招商轮船,14:50:36,5.18,255254,5.17,买盘
6,601872,招商轮船,14:50:18,5.17,116100,5.17,卖盘
7,601872,招商轮船,14:49:06,5.18,51445,5.18,买盘
8,601872,招商轮船,14:48:51,5.18,90600,5.17,买盘
9,601872,招商轮船,14:48:12,5.18,300000,5.17,买盘
10,601872,招商轮船,14:47:43,5.17,51000,5.18,卖盘
11,601872,招商轮船,14:45:19,5.18,100000,5.17,买盘
12,601872,招商轮船,14:41:19,5.18,113700,5.18,买盘
13,601872,招商轮船,14:39:40,5.17,57000,5.18,卖盘
14,601872,招商轮船,14:37:28,5.18,111100,5.18,买盘
15,601872,招商轮船,14:36:52,5.18,60000,5.17,买盘
16,601872,招商轮船,14:36:12,5.18,52000,5.17,买盘
17,601872,招商轮船,14:36:03,5.17,60500,5.17,卖盘
18,601872,招商轮船,14:34:45,5.18,46900,5.18,买盘
19,601872,招商轮船,14:32:00,5.17,51400,5.16,买盘
20,601872,招商轮船,14:24:31,5.17,40400,5.18,卖盘
21,601872,招商轮船,14:23:49,5.17,100000,5.17,卖盘
22,601872,招商轮船,14:22:43,5.17,100000,5.18,卖盘
23,601872,招商轮船,14:21:52,5.18,104800,5.18,买盘
24,601872,招商轮船,14:19:52,5.18,50300,5.18,卖盘
25,601872,招商轮船,14:19:04,5.18,99200,5.18,卖盘
26,601872,招商轮船,14:18:34,5.18,41000,5.17,买盘
27,601872,招商轮船,14:18:30,5.17,140800,5.18,卖盘
28,601872,招商轮船,14:18:25,5.17,161700,5.18,卖盘
29,601872,招商轮船,14:18:10,5.17,331900,5.16,买盘
30,601872,招商轮船,14:17:13,5.16,142900,5.15,买盘
31,601872,招商轮船,14:16:40,5.15,100100,5.16,卖盘
32,601872,招商轮船,14:13:09,5.15,50000,5.15,买盘
33,601872,招商轮船,14:12:18,5.15,250000,5.14,买盘
34,601872,招商轮船,13:42:36,5.15,112498,5.14,买盘
35,601872,招商轮船,13:30:14,5.15,45000,5.15,买盘
36,601872,招商轮船,13:30:02,5.15,45000,5.15,买盘
37,601872,招商轮船,13:26:33,5.15,50000,5.15,买盘
38,601872,招商轮船,13:25:27,5.15,50000,5.13,买盘
39,601872,招商轮船,13:25:06,5.14,45000,5.14,买盘
40,601872,招商轮船,13:25:00,5.14,50000,5.14,买盘
41,601872,招商轮船,13:22:36,5.13,98800,5.14,卖盘
42,601872,招商轮船,13:21:18,5.14,53700,5.15,卖盘
43,601872,招商轮船,13:19:54,5.15,79000,5.14,买盘
44,601872,招商轮船,13:15:06,5.15,52000,5.15,买盘
45,601872,招商轮船,13:15:03,5.15,80500,5.15,买盘
46,601872,招商轮船,13:14:42,5.15,40000,5.16,卖盘
47,601872,招商轮船,13:13:51,5.15,80098,5.15,买盘
48,601872,招商轮船,13:13:12,5.15,97627,5.15,买盘
49,601872,招商轮船,13:12:20,5.15,100000,5.15,买盘
50,601872,招商轮船,13:11:47,5.15,168127,5.14,买盘
51,601872,招商轮船,13:01:36,5.15,50000,5.15,卖盘
52,601872,招商轮船,13:01:33,5.15,59800,5.16,卖盘
53,601872,招商轮船,13:00:45,5.16,94400,5.15,买盘
54,601872,招商轮船,13:00:27,5.15,40300,5.15,卖盘
55,601872,招商轮船,13:00:06,5.15,699927,5.11,买盘
56,601872,招商轮船,13:00:03,5.11,54110,5.11,买盘
57,601872,招商轮船,11:27:00,5.11,100000,5.1,买盘
58,601872,招商轮船,11:26:39,5.1,85886,5.1,买盘
59,601872,招商轮船,11:08:09,5.1,40200,5.1,卖盘
60,601872,招商轮船,11:08:03,5.1,72200,5.1,卖盘
61,601872,招商轮船,11:05:23,5.1,50000,5.1,卖盘
62,601872,招商轮船,11:00:05,5.1,681100,5.1,卖盘
63,601872,招商轮船,10:57:42,5.1,56900,5.11,卖盘
64,601872,招商轮船,10:54:51,5.11,50000,5.11,买盘
65,601872,招商轮船,10:45:48,5.1,48600,5.11,卖盘
66,601872,招商轮船,10:44:48,5.11,45600,5.11,卖盘
67,601872,招商轮船,10:44:38,5.11,53000,5.11,卖盘
68,601872,招商轮船,10:43:08,5.11,162188,5.11,卖盘
69,601872,招商轮船,10:42:20,5.11,40000,5.11,卖盘
70,601872,招商轮船,10:36:53,5.12,94700,5.12,买盘
71,601872,招商轮船,10:34:15,5.11,100200,5.12,卖盘
72,601872,招商轮船,10:34:11,5.12,103600,5.13,卖盘
73,601872,招商轮船,10:30:45,5.13,98652,5.14,卖盘
74,601872,招商轮船,10:27:35,5.13,60000,5.12,买盘
75,601872,招商轮船,10:21:29,5.12,53300,5.12,卖盘
76,601872,招商轮船,10:18:39,5.12,80100,5.13,卖盘
77,601872,招商轮船,10:14:08,5.12,44800,5.13,卖盘
78,601872,招商轮船,10:07:32,5.13,40900,5.12,买盘
79,601872,招商轮船,09:59:32,5.12,50000,5.12,卖盘
80,601872,招商轮船,09:56:11,5.12,71300,5.13,卖盘
81,601872,招商轮船,09:51:59,5.12,178000,5.12,卖盘
82,601872,招商轮船,09:51:35,5.13,50000,5.12,买盘
83,601872,招商轮船,09:51:23,5.12,50000,5.12,卖盘
84,601872,招商轮船,09:50:14,5.12,60000,5.12,卖盘
85,601872,招商轮船,09:48:35,5.11,40000,5.12,卖盘
86,601872,招商轮船,09:47:08,5.12,50000,5.12,买盘
87,601872,招商轮船,09:46:41,5.12,50000,5.11,买盘
88,601872,招商轮船,09:45:32,5.11,150000,5.12,卖盘
89,601872,招商轮船,09:41:29,5.12,57800,5.12,卖盘
90,601872,招商轮船,09:39:35,5.12,43600,5.12,卖盘
91,601872,招商轮船,09:38:35,5.13,146700,5.14,卖盘
92,601872,招商轮船,09:38:20,5.13,62000,5.14,卖盘
93,601872,招商轮船,09:37:26,5.13,62100,5.13,卖盘
94,601872,招商轮船,09:33:23,5.14,42073,5.14,卖盘
95,601872,招商轮船,09:32:02,5.14,100000,5.14,卖盘
