,code,name,time,price,volume,preprice,type
0,601636,旗滨集团,14:59:49,4.5,63000,4.5,卖盘
1,601636,旗滨集团,14:58:09,4.5,109400,4.51,卖盘
2,601636,旗滨集团,14:57:57,4.5,82000,4.5,卖盘
3,601636,旗滨集团,14:56:51,4.51,390000,4.5,买盘
4,601636,旗滨集团,14:55:42,4.5,62000,4.5,卖盘
5,601636,旗滨集团,14:55:09,4.5,40000,4.51,卖盘
6,601636,旗滨集团,14:55:00,4.5,80000,4.51,卖盘
7,601636,旗滨集团,14:54:48,4.5,40200,4.5,卖盘
8,601636,旗滨集团,14:52:07,4.52,54900,4.51,买盘
9,601636,旗滨集团,14:52:05,4.51,200000,4.51,买盘
10,601636,旗滨集团,14:51:23,4.51,206991,4.51,卖盘
11,601636,旗滨集团,14:51:20,4.51,46000,4.51,卖盘
12,601636,旗滨集团,14:50:38,4.51,40000,4.52,卖盘
13,601636,旗滨集团,14:45:50,4.51,55800,4.51,卖盘
14,601636,旗滨集团,14:42:37,4.52,55800,4.52,买盘
15,601636,旗滨集团,14:42:19,4.51,40100,4.52,卖盘
16,601636,旗滨集团,14:37:15,4.52,112700,4.51,买盘
17,601636,旗滨集团,14:37:03,4.51,55000,4.51,卖盘
18,601636,旗滨集团,14:35:00,4.52,50000,4.53,卖盘
19,601636,旗滨集团,14:34:39,4.52,48000,4.52,卖盘
20,601636,旗滨集团,14:28:14,4.52,43800,4.53,卖盘
21,601636,旗滨集团,14:25:22,4.52,40000,4.52,卖盘
22,601636,旗滨集团,14:20:31,4.53,74158,4.53,卖盘
23,601636,旗滨集团,14:06:07,4.54,168800,4.54,卖盘
24,601636,旗滨集团,14:05:19,4.54,200000,4.54,卖盘
25,601636,旗滨集团,14:03:16,4.54,56000,4.55,卖盘
26,601636,旗滨集团,14:00:49,4.54,111900,4.55,卖盘
27,601636,旗滨集团,13:56:27,4.54,101600,4.55,卖盘
28,601636,旗滨集团,13:49:31,4.54,150000,4.55,卖盘
29,601636,旗滨集团,13:33:18,4.54,42800,4.55,卖盘
30,601636,旗滨集团,13:32:51,4.55,44526,4.55,卖盘
31,601636,旗滨集团,13:32:45,4.55,111400,4.56,卖盘
32,601636,旗滨集团,13:31:51,4.56,54200,4.55,买盘
33,601636,旗滨集团,13:31:48,4.55,50000,4.56,卖盘
34,601636,旗滨集团,13:31:39,4.55,96900,4.56,卖盘
35,601636,旗滨集团,13:31:27,4.55,73800,4.55,买盘
36,601636,旗滨集团,13:30:45,4.55,509000,4.54,买盘
37,601636,旗滨集团,13:29:03,4.54,168300,4.54,买盘
38,601636,旗滨集团,13:28:22,4.53,120100,4.53,买盘
39,601636,旗滨集团,13:25:07,4.53,95000,4.53,买盘
40,601636,旗滨集团,13:18:10,4.52,79583,4.52,卖盘
41,601636,旗滨集团,13:06:36,4.51,64000,4.52,卖盘
42,601636,旗滨集团,13:04:37,4.51,100000,4.52,卖盘
43,601636,旗滨集团,13:03:22,4.52,67600,4.52,买盘
44,601636,旗滨集团,13:01:34,4.51,109000,4.53,卖盘
45,601636,旗滨集团,13:00:22,4.52,153000,4.53,卖盘
46,601636,旗滨集团,11:22:16,4.53,73600,4.52,买盘
47,601636,旗滨集团,11:17:28,4.52,50100,4.52,卖盘
48,601636,旗滨集团,11:12:21,4.52,85200,4.52,买盘
49,601636,旗滨集团,11:11:29,4.51,47000,4.52,卖盘
50,601636,旗滨集团,11:08:23,4.51,65200,4.52,卖盘
51,601636,旗滨集团,11:06:01,4.51,192000,4.52,卖盘
52,601636,旗滨集团,11:05:03,4.51,47000,4.52,卖盘
53,601636,旗滨集团,11:03:19,4.5,100000,4.51,卖盘
54,601636,旗滨集团,11:02:18,4.51,52200,4.52,卖盘
55,601636,旗滨集团,11:01:28,4.52,114300,4.51,买盘
56,601636,旗滨集团,10:59:16,4.51,360800,4.51,卖盘
57,601636,旗滨集团,10:57:46,4.51,99000,4.52,卖盘
58,601636,旗滨集团,10:57:19,4.51,40100,4.51,卖盘
59,601636,旗滨集团,10:56:48,4.51,50800,4.52,卖盘
60,601636,旗滨集团,10:56:19,4.51,109600,4.51,卖盘
61,601636,旗滨集团,10:54:34,4.52,152107,4.52,卖盘
62,601636,旗滨集团,10:52:03,4.52,62000,4.53,卖盘
63,601636,旗滨集团,10:51:36,4.52,71000,4.52,卖盘
64,601636,旗滨集团,10:51:21,4.52,180000,4.52,卖盘
65,601636,旗滨集团,10:47:20,4.53,72100,4.54,卖盘
66,601636,旗滨集团,10:42:27,4.54,68300,4.53,买盘
67,601636,旗滨集团,10:41:00,4.53,44900,4.53,买盘
68,601636,旗滨集团,10:40:16,4.53,44300,4.52,买盘
69,601636,旗滨集团,10:38:48,4.52,58000,4.53,卖盘
70,601636,旗滨集团,10:37:18,4.53,57700,4.53,卖盘
71,601636,旗滨集团,10:30:18,4.53,50000,4.53,买盘
72,601636,旗滨集团,10:28:27,4.52,118200,4.53,卖盘
73,601636,旗滨集团,10:26:54,4.53,67200,4.53,卖盘
74,601636,旗滨集团,10:26:35,4.53,110200,4.53,卖盘
75,601636,旗滨集团,10:25:53,4.53,160100,4.53,卖盘
76,601636,旗滨集团,10:25:11,4.54,47100,4.53,买盘
77,601636,旗滨集团,10:23:11,4.54,287865,4.55,卖盘
78,601636,旗滨集团,10:20:39,4.54,100000,4.55,卖盘
79,601636,旗滨集团,10:18:09,4.56,68600,4.55,买盘
80,601636,旗滨集团,10:17:45,4.55,40100,4.55,卖盘
81,601636,旗滨集团,10:14:42,4.54,105000,4.54,卖盘
82,601636,旗滨集团,10:14:24,4.55,124200,4.56,卖盘
83,601636,旗滨集团,10:13:42,4.55,60100,4.56,卖盘
84,601636,旗滨集团,10:13:18,4.55,57600,4.54,买盘
85,601636,旗滨集团,10:11:03,4.55,101200,4.55,买盘
86,601636,旗滨集团,10:10:39,4.54,79900,4.56,卖盘
87,601636,旗滨集团,10:09:48,4.55,242100,4.55,卖盘
88,601636,旗滨集团,10:09:18,4.55,150200,4.56,卖盘
89,601636,旗滨集团,10:09:00,4.56,150600,4.56,卖盘
90,601636,旗滨集团,10:08:12,4.56,44900,4.57,卖盘
91,601636,旗滨集团,10:08:00,4.56,50000,4.56,卖盘
92,601636,旗滨集团,10:04:45,4.56,64900,4.57,卖盘
93,601636,旗滨集团,10:04:36,4.56,100500,4.57,卖盘
94,601636,旗滨集团,10:04:15,4.57,79100,4.56,买盘
95,601636,旗滨集团,10:03:41,4.57,111500,4.58,卖盘
96,601636,旗滨集团,10:03:26,4.58,42200,4.58,卖盘
97,601636,旗滨集团,10:03:17,4.59,101362,4.57,买盘
98,601636,旗滨集团,10:03:14,4.57,216438,4.58,卖盘
99,601636,旗滨集团,10:03:11,4.58,45800,4.58,卖盘
100,601636,旗滨集团,10:03:08,4.58,209500,4.58,卖盘
101,601636,旗滨集团,10:02:56,4.58,50000,4.58,卖盘
102,601636,旗滨集团,10:02:38,4.58,77100,4.58,卖盘
103,601636,旗滨集团,10:00:47,4.58,76800,4.59,卖盘
104,601636,旗滨集团,10:00:08,4.59,46300,4.59,买盘
105,601636,旗滨集团,09:52:36,4.59,44400,4.58,买盘
106,601636,旗滨集团,09:52:03,4.59,109600,4.6,卖盘
107,601636,旗滨集团,09:51:51,4.59,47600,4.59,卖盘
108,601636,旗滨集团,09:51:03,4.6,50000,4.59,买盘
109,601636,旗滨集团,09:50:24,4.6,99800,4.59,买盘
110,601636,旗滨集团,09:48:42,4.59,65900,4.59,卖盘
111,601636,旗滨集团,09:48:33,4.6,50400,4.59,买盘
112,601636,旗滨集团,09:47:33,4.6,189800,4.59,买盘
113,601636,旗滨集团,09:47:27,4.59,40000,4.59,卖盘
114,601636,旗滨集团,09:46:36,4.59,42000,4.59,卖盘
115,601636,旗滨集团,09:45:45,4.59,175900,4.58,买盘
116,601636,旗滨集团,09:43:57,4.59,122000,4.59,卖盘
117,601636,旗滨集团,09:43:23,4.6,108700,4.6,卖盘
118,601636,旗滨集团,09:43:18,4.61,201900,4.6,买盘
119,601636,旗滨集团,09:43:15,4.6,54000,4.6,买盘
120,601636,旗滨集团,09:42:50,4.6,78600,4.6,买盘
121,601636,旗滨集团,09:42:29,4.6,57500,4.6,买盘
122,601636,旗滨集团,09:42:08,4.6,171800,4.6,买盘
123,601636,旗滨集团,09:41:44,4.59,201700,4.59,卖盘
124,601636,旗滨集团,09:41:32,4.59,42600,4.6,卖盘
125,601636,旗滨集团,09:40:53,4.6,84800,4.59,买盘
126,601636,旗滨集团,09:40:32,4.6,66450,4.61,卖盘
127,601636,旗滨集团,09:40:29,4.61,54200,4.6,买盘
128,601636,旗滨集团,09:40:26,4.6,128350,4.61,卖盘
129,601636,旗滨集团,09:40:02,4.61,113200,4.61,卖盘
130,601636,旗滨集团,09:39:59,4.61,85900,4.61,卖盘
131,601636,旗滨集团,09:39:38,4.62,40100,4.62,买盘
132,601636,旗滨集团,09:39:23,4.61,160800,4.62,卖盘
133,601636,旗滨集团,09:39:20,4.62,106400,4.62,买盘
134,601636,旗滨集团,09:39:11,4.61,92300,4.62,卖盘
135,601636,旗滨集团,09:39:02,4.61,89100,4.61,买盘
136,601636,旗滨集团,09:38:56,4.61,76300,4.6,买盘
137,601636,旗滨集团,09:38:50,4.6,76900,4.6,卖盘
138,601636,旗滨集团,09:38:44,4.61,86800,4.6,买盘
139,601636,旗滨集团,09:38:38,4.6,214700,4.6,买盘
140,601636,旗滨集团,09:38:24,4.6,65200,4.59,买盘
141,601636,旗滨集团,09:38:09,4.59,43800,4.59,买盘
142,601636,旗滨集团,09:37:30,4.58,467400,4.59,卖盘
143,601636,旗滨集团,09:37:27,4.59,84100,4.59,卖盘
144,601636,旗滨集团,09:37:12,4.59,56700,4.6,卖盘
145,601636,旗滨集团,09:37:09,4.6,59800,4.6,买盘
146,601636,旗滨集团,09:36:54,4.6,333100,4.6,买盘
147,601636,旗滨集团,09:36:51,4.6,110400,4.61,卖盘
148,601636,旗滨集团,09:36:36,4.6,205100,4.59,买盘
149,601636,旗滨集团,09:36:33,4.59,53300,4.6,卖盘
150,601636,旗滨集团,09:36:30,4.6,52600,4.6,买盘
151,601636,旗滨集团,09:36:27,4.6,68800,4.59,买盘
152,601636,旗滨集团,09:36:21,4.59,57200,4.6,卖盘
153,601636,旗滨集团,09:36:18,4.6,217800,4.58,买盘
154,601636,旗滨集团,09:36:15,4.58,262900,4.59,卖盘
155,601636,旗滨集团,09:36:09,4.59,101600,4.59,买盘
156,601636,旗滨集团,09:35:54,4.58,121000,4.57,买盘
157,601636,旗滨集团,09:35:12,4.55,48900,4.55,卖盘
158,601636,旗滨集团,09:35:03,4.55,137400,4.55,买盘
159,601636,旗滨集团,09:34:30,4.53,370900,4.52,买盘
160,601636,旗滨集团,09:32:42,4.52,97593,4.52,买盘
161,601636,旗滨集团,09:25:03,4.52,234300,0.0,买盘
