,code,name,time,price,volume,preprice,type
0,601789,宁波建工,14:58:57,4.87,139000,4.88,卖盘
1,601789,宁波建工,14:55:57,4.88,100000,4.89,卖盘
2,601789,宁波建工,14:53:00,4.89,81400,4.89,买盘
3,601789,宁波建工,14:52:54,4.89,40700,4.89,买盘
4,601789,宁波建工,14:52:11,4.88,50000,4.89,卖盘
5,601789,宁波建工,14:50:11,4.89,61100,4.89,买盘
6,601789,宁波建工,14:50:04,4.89,135000,4.88,买盘
7,601789,宁波建工,14:49:02,4.88,130200,4.88,卖盘
8,601789,宁波建工,14:48:05,4.89,43000,4.88,买盘
9,601789,宁波建工,14:41:40,4.87,343500,4.89,卖盘
10,601789,宁波建工,14:39:13,4.88,79500,4.88,卖盘
11,601789,宁波建工,14:16:30,4.88,42800,4.88,买盘
12,601789,宁波建工,14:15:30,4.88,200000,4.87,买盘
13,601789,宁波建工,14:14:54,4.88,240700,4.89,卖盘
14,601789,宁波建工,14:14:09,4.89,163700,4.9,卖盘
15,601789,宁波建工,14:06:16,4.9,53000,4.89,买盘
16,601789,宁波建工,14:00:19,4.89,50100,4.89,买盘
17,601789,宁波建工,13:56:06,4.89,49300,4.89,卖盘
18,601789,宁波建工,13:53:36,4.89,50000,4.89,买盘
19,601789,宁波建工,13:44:13,4.89,224400,4.89,买盘
20,601789,宁波建工,13:42:19,4.88,106000,4.88,买盘
21,601789,宁波建工,13:42:01,4.88,100000,4.88,买盘
22,601789,宁波建工,13:27:22,4.87,40800,4.87,卖盘
23,601789,宁波建工,13:14:43,4.87,294900,4.88,卖盘
24,601789,宁波建工,13:00:04,4.88,42300,4.88,买盘
25,601789,宁波建工,10:50:24,4.87,84200,4.87,卖盘
26,601789,宁波建工,10:36:39,4.87,57500,4.87,卖盘
27,601789,宁波建工,10:35:42,4.88,152000,4.88,买盘
28,601789,宁波建工,10:30:48,4.87,40400,4.88,卖盘
29,601789,宁波建工,10:26:26,4.87,50000,4.87,卖盘
30,601789,宁波建工,10:25:23,4.88,80200,4.88,卖盘
31,601789,宁波建工,10:24:53,4.88,80000,4.89,卖盘
32,601789,宁波建工,10:24:47,4.89,50100,4.88,买盘
33,601789,宁波建工,10:19:06,4.88,100000,4.88,卖盘
34,601789,宁波建工,10:17:45,4.88,100000,4.88,卖盘
35,601789,宁波建工,10:06:48,4.89,120000,4.89,买盘
36,601789,宁波建工,10:04:45,4.89,100000,4.89,买盘
37,601789,宁波建工,10:04:12,4.88,54000,4.88,卖盘
38,601789,宁波建工,10:02:32,4.88,166600,4.88,卖盘
39,601789,宁波建工,09:58:48,4.87,50300,4.88,卖盘
40,601789,宁波建工,09:55:15,4.86,50700,4.87,卖盘
41,601789,宁波建工,09:52:09,4.87,80000,4.87,卖盘
42,601789,宁波建工,09:48:21,4.86,250000,4.88,卖盘
43,601789,宁波建工,09:47:54,4.88,72500,4.88,卖盘
44,601789,宁波建工,09:42:14,4.89,83400,4.89,买盘
45,601789,宁波建工,09:40:02,4.88,50000,4.88,卖盘
46,601789,宁波建工,09:38:50,4.88,52400,4.88,卖盘
47,601789,宁波建工,09:38:35,4.88,50000,4.88,卖盘
48,601789,宁波建工,09:30:30,4.88,50700,4.9,卖盘
