,code,name,time,price,volume,preprice,type
0,601718,际华集团,14:59:55,8.8,84000,8.79,买盘
1,601718,际华集团,14:59:46,8.8,54900,8.8,买盘
2,601718,际华集团,14:59:43,8.8,42300,8.8,买盘
3,601718,际华集团,14:59:19,8.79,40900,8.8,卖盘
4,601718,际华集团,14:58:58,8.79,40800,8.79,买盘
5,601718,际华集团,14:58:52,8.79,41900,8.8,卖盘
6,601718,际华集团,14:58:49,8.8,70000,8.8,买盘
7,601718,际华集团,14:58:43,8.8,153900,8.79,买盘
8,601718,际华集团,14:58:28,8.79,70000,8.8,卖盘
9,601718,际华集团,14:58:08,8.79,44400,8.79,买盘
10,601718,际华集团,14:57:37,8.79,44600,8.8,卖盘
11,601718,际华集团,14:57:31,8.79,113400,8.8,卖盘
12,601718,际华集团,14:57:28,8.8,42600,8.8,买盘
13,601718,际华集团,14:57:25,8.8,47500,8.8,买盘
14,601718,际华集团,14:57:16,8.8,66800,8.8,买盘
15,601718,际华集团,14:56:49,8.8,42800,8.79,买盘
16,601718,际华集团,14:54:38,8.79,80200,8.79,卖盘
17,601718,际华集团,14:54:19,8.79,51200,8.79,卖盘
18,601718,际华集团,14:54:10,8.79,55300,8.79,卖盘
19,601718,际华集团,14:53:31,8.79,55400,8.8,卖盘
20,601718,际华集团,14:53:15,8.8,100500,8.8,卖盘
21,601718,际华集团,14:51:37,8.8,306814,8.82,卖盘
22,601718,际华集团,14:51:03,8.81,43000,8.82,卖盘
23,601718,际华集团,14:50:55,8.82,48200,8.82,卖盘
24,601718,际华集团,14:50:51,8.82,47900,8.82,卖盘
25,601718,际华集团,14:50:22,8.81,42100,8.82,卖盘
26,601718,际华集团,14:50:01,8.82,56100,8.82,买盘
27,601718,际华集团,14:49:46,8.82,40000,8.81,买盘
28,601718,际华集团,14:49:37,8.82,53800,8.81,买盘
29,601718,际华集团,14:49:22,8.81,65000,8.82,卖盘
30,601718,际华集团,14:48:49,8.81,68800,8.81,买盘
31,601718,际华集团,14:48:34,8.8,75200,8.81,卖盘
32,601718,际华集团,14:47:45,8.8,45400,8.8,买盘
33,601718,际华集团,14:47:13,8.8,253600,8.8,买盘
34,601718,际华集团,14:47:06,8.8,43900,8.8,买盘
35,601718,际华集团,14:46:58,8.8,114100,8.79,买盘
36,601718,际华集团,14:46:13,8.8,52500,8.8,买盘
37,601718,际华集团,14:45:02,8.79,58200,8.79,卖盘
38,601718,际华集团,14:43:36,8.79,116800,8.78,买盘
39,601718,际华集团,14:43:30,8.78,99200,8.79,卖盘
40,601718,际华集团,14:43:03,8.79,78000,8.78,买盘
41,601718,际华集团,14:41:18,8.78,47300,8.78,买盘
42,601718,际华集团,14:38:25,8.78,74100,8.78,买盘
43,601718,际华集团,14:38:10,8.78,41200,8.78,买盘
44,601718,际华集团,14:36:27,8.78,103500,8.79,卖盘
45,601718,际华集团,14:36:25,8.79,63600,8.78,买盘
46,601718,际华集团,14:34:46,8.79,45600,8.78,买盘
47,601718,际华集团,14:33:51,8.78,40000,8.79,卖盘
48,601718,际华集团,14:31:22,8.78,42700,8.78,买盘
49,601718,际华集团,14:28:40,8.77,41300,8.77,买盘
50,601718,际华集团,14:23:07,8.76,76647,8.76,买盘
51,601718,际华集团,14:19:50,8.76,45000,8.76,卖盘
52,601718,际华集团,14:17:49,8.77,40000,8.76,买盘
53,601718,际华集团,14:12:04,8.75,88300,8.75,买盘
54,601718,际华集团,14:10:42,8.75,63400,8.76,卖盘
55,601718,际华集团,14:07:43,8.77,51900,8.76,买盘
56,601718,际华集团,14:07:40,8.76,50500,8.76,卖盘
57,601718,际华集团,14:07:22,8.77,124617,8.78,卖盘
58,601718,际华集团,14:06:16,8.78,97000,8.78,卖盘
59,601718,际华集团,14:04:13,8.79,46000,8.79,卖盘
60,601718,际华集团,14:03:15,8.8,50000,8.79,买盘
61,601718,际华集团,14:03:09,8.78,54000,8.79,卖盘
62,601718,际华集团,13:58:55,8.8,57300,8.8,买盘
63,601718,际华集团,13:54:37,8.8,137200,8.8,买盘
64,601718,际华集团,13:51:39,8.77,60000,8.79,卖盘
65,601718,际华集团,13:50:51,8.79,103000,8.78,买盘
66,601718,际华集团,13:50:24,8.78,52300,8.77,买盘
67,601718,际华集团,13:49:36,8.78,61700,8.77,买盘
68,601718,际华集团,13:47:06,8.79,44800,8.79,买盘
69,601718,际华集团,13:45:38,8.79,43600,8.78,买盘
70,601718,际华集团,13:43:45,8.79,57700,8.79,卖盘
71,601718,际华集团,13:38:15,8.8,70600,8.79,买盘
72,601718,际华集团,13:37:16,8.8,47100,8.8,卖盘
73,601718,际华集团,13:36:19,8.8,54600,8.8,卖盘
74,601718,际华集团,13:27:18,8.81,44000,8.81,卖盘
75,601718,际华集团,13:20:37,8.82,43599,8.83,卖盘
76,601718,际华集团,13:17:18,8.83,91000,8.82,买盘
77,601718,际华集团,13:16:43,8.82,52000,8.83,卖盘
78,601718,际华集团,13:14:05,8.82,45600,8.82,买盘
79,601718,际华集团,13:07:21,8.81,40500,8.82,卖盘
80,601718,际华集团,13:05:57,8.81,40000,8.82,卖盘
81,601718,际华集团,13:04:42,8.81,41000,8.82,卖盘
82,601718,际华集团,13:03:12,8.83,46800,8.82,买盘
83,601718,际华集团,13:01:36,8.84,41200,8.84,买盘
84,601718,际华集团,13:00:33,8.84,89100,8.82,买盘
85,601718,际华集团,13:00:24,8.82,40500,8.83,卖盘
86,601718,际华集团,13:00:04,8.82,350800,8.81,买盘
87,601718,际华集团,13:00:01,8.81,91400,8.81,买盘
88,601718,际华集团,11:26:00,8.8,104500,8.82,卖盘
89,601718,际华集团,11:25:06,8.81,99800,8.81,卖盘
90,601718,际华集团,11:24:54,8.8,56300,8.8,卖盘
91,601718,际华集团,11:22:22,8.8,140400,8.82,卖盘
92,601718,际华集团,11:21:51,8.82,50700,8.81,买盘
93,601718,际华集团,11:21:41,8.82,52800,8.82,卖盘
94,601718,际华集团,11:21:15,8.83,96500,8.83,买盘
95,601718,际华集团,11:21:09,8.83,143700,8.83,买盘
96,601718,际华集团,11:20:58,8.83,56400,8.84,卖盘
97,601718,际华集团,11:20:44,8.84,44000,8.84,买盘
98,601718,际华集团,11:20:06,8.84,70200,8.84,买盘
99,601718,际华集团,11:20:00,8.83,181500,8.83,卖盘
100,601718,际华集团,11:19:29,8.83,139136,8.82,买盘
101,601718,际华集团,11:18:42,8.81,66300,8.81,买盘
102,601718,际华集团,11:16:57,8.83,67100,8.83,买盘
103,601718,际华集团,11:16:54,8.83,41500,8.83,买盘
104,601718,际华集团,11:16:39,8.84,197600,8.83,买盘
105,601718,际华集团,11:16:27,8.84,55300,8.84,买盘
106,601718,际华集团,11:16:24,8.84,69600,8.85,中性盘
107,601718,际华集团,11:16:21,8.85,70547,8.85,买盘
108,601718,际华集团,11:16:18,8.85,90300,8.85,买盘
109,601718,际华集团,11:16:15,8.85,72600,8.85,买盘
110,601718,际华集团,11:16:12,8.85,150700,8.85,卖盘
111,601718,际华集团,11:16:09,8.85,41153,8.86,卖盘
112,601718,际华集团,11:16:06,8.86,46500,8.85,买盘
113,601718,际华集团,11:16:03,8.85,60200,8.85,买盘
114,601718,际华集团,11:16:00,8.85,110900,8.85,买盘
115,601718,际华集团,11:15:57,8.85,54300,8.85,买盘
116,601718,际华集团,11:15:45,8.83,50200,8.83,买盘
117,601718,际华集团,11:15:36,8.83,79200,8.81,买盘
118,601718,际华集团,11:15:21,8.79,405600,8.8,卖盘
119,601718,际华集团,11:15:18,8.8,42000,8.8,买盘
120,601718,际华集团,11:15:15,8.8,153000,8.8,买盘
121,601718,际华集团,11:15:12,8.8,105400,8.79,买盘
122,601718,际华集团,11:15:09,8.79,109500,8.78,买盘
123,601718,际华集团,11:14:59,8.79,371600,8.78,买盘
124,601718,际华集团,11:14:57,8.78,46300,8.78,买盘
125,601718,际华集团,11:14:49,8.78,273800,8.77,买盘
126,601718,际华集团,11:14:43,8.77,62500,8.76,买盘
127,601718,际华集团,11:14:30,8.77,55100,8.76,买盘
128,601718,际华集团,11:14:12,8.76,152800,8.75,买盘
129,601718,际华集团,11:14:11,8.75,117700,8.75,买盘
130,601718,际华集团,11:14:07,8.75,77700,8.75,买盘
131,601718,际华集团,11:14:03,8.75,57700,8.75,买盘
132,601718,际华集团,11:14:00,8.75,50000,8.75,买盘
133,601718,际华集团,11:13:58,8.75,60500,8.75,买盘
134,601718,际华集团,11:13:56,8.75,55000,8.75,买盘
135,601718,际华集团,11:13:51,8.75,53700,8.75,买盘
136,601718,际华集团,11:13:48,8.75,233700,8.75,买盘
137,601718,际华集团,11:13:41,8.75,96800,8.75,买盘
138,601718,际华集团,11:13:33,8.75,107000,8.74,买盘
139,601718,际华集团,11:12:33,8.74,101200,8.74,买盘
140,601718,际华集团,11:08:57,8.73,44800,8.73,买盘
141,601718,际华集团,11:08:36,8.73,61700,8.72,买盘
142,601718,际华集团,11:07:57,8.73,68700,8.74,卖盘
143,601718,际华集团,11:07:27,8.74,49900,8.73,买盘
144,601718,际华集团,11:06:27,8.74,60900,8.75,卖盘
145,601718,际华集团,11:05:54,8.74,74100,8.74,买盘
146,601718,际华集团,11:04:26,8.74,64000,8.74,买盘
147,601718,际华集团,11:03:54,8.73,40300,8.73,卖盘
148,601718,际华集团,11:02:24,8.74,42800,8.75,卖盘
149,601718,际华集团,11:01:57,8.74,62800,8.74,买盘
150,601718,际华集团,11:01:54,8.74,206600,8.74,买盘
151,601718,际华集团,11:01:33,8.74,40900,8.74,买盘
152,601718,际华集团,11:01:18,8.73,60000,8.73,买盘
153,601718,际华集团,11:01:15,8.73,53700,8.73,买盘
154,601718,际华集团,11:01:09,8.73,75300,8.73,买盘
155,601718,际华集团,11:00:57,8.72,65000,8.72,买盘
156,601718,际华集团,11:00:54,8.72,58600,8.72,买盘
157,601718,际华集团,11:00:51,8.72,59800,8.71,买盘
158,601718,际华集团,11:00:39,8.72,157900,8.71,买盘
159,601718,际华集团,11:00:36,8.71,89200,8.71,买盘
160,601718,际华集团,11:00:29,8.71,51800,8.71,买盘
161,601718,际华集团,11:00:27,8.71,117000,8.71,买盘
162,601718,际华集团,11:00:24,8.71,75400,8.71,买盘
163,601718,际华集团,11:00:03,8.7,187589,8.7,买盘
164,601718,际华集团,10:59:57,8.7,57600,8.69,买盘
165,601718,际华集团,10:59:24,8.7,263100,8.7,买盘
166,601718,际华集团,10:58:26,8.69,109200,8.69,买盘
167,601718,际华集团,10:55:24,8.69,54100,8.69,卖盘
168,601718,际华集团,10:53:17,8.69,57400,8.69,卖盘
169,601718,际华集团,10:52:41,8.7,83000,8.69,买盘
170,601718,际华集团,10:52:01,8.69,54500,8.69,买盘
171,601718,际华集团,10:49:06,8.69,56000,8.69,卖盘
172,601718,际华集团,10:39:15,8.7,43500,8.7,买盘
173,601718,际华集团,10:37:39,8.7,96200,8.7,买盘
174,601718,际华集团,10:37:03,8.69,93800,8.68,买盘
175,601718,际华集团,10:36:42,8.69,100200,8.68,买盘
176,601718,际华集团,10:35:59,8.68,40000,8.68,卖盘
177,601718,际华集团,10:35:21,8.68,49900,8.69,卖盘
178,601718,际华集团,10:35:11,8.69,42000,8.69,买盘
179,601718,际华集团,10:34:44,8.7,130000,8.69,买盘
180,601718,际华集团,10:34:12,8.69,100600,8.69,买盘
181,601718,际华集团,10:28:17,8.66,81600,8.66,卖盘
182,601718,际华集团,10:27:27,8.67,55000,8.66,买盘
183,601718,际华集团,10:26:27,8.67,179400,8.68,卖盘
184,601718,际华集团,10:25:48,8.68,111300,8.68,卖盘
185,601718,际华集团,10:24:30,8.69,125900,8.7,卖盘
186,601718,际华集团,10:24:03,8.69,75700,8.7,卖盘
187,601718,际华集团,10:23:20,8.7,48611,8.71,卖盘
188,601718,际华集团,10:22:45,8.71,43689,8.7,买盘
189,601718,际华集团,10:22:03,8.7,51800,8.7,买盘
190,601718,际华集团,10:20:51,8.7,53900,8.7,买盘
191,601718,际华集团,10:19:39,8.69,50900,8.69,卖盘
192,601718,际华集团,10:17:36,8.69,92200,8.69,买盘
193,601718,际华集团,10:16:32,8.68,88200,8.69,卖盘
194,601718,际华集团,10:14:57,8.69,66400,8.7,卖盘
195,601718,际华集团,10:13:51,8.69,42600,8.7,卖盘
196,601718,际华集团,10:13:27,8.7,53300,8.7,买盘
197,601718,际华集团,10:12:06,8.7,54000,8.71,卖盘
198,601718,际华集团,10:10:42,8.7,51900,8.7,买盘
199,601718,际华集团,10:10:08,8.7,47100,8.7,买盘
200,601718,际华集团,10:09:45,8.69,59800,8.7,卖盘
201,601718,际华集团,10:09:30,8.69,63200,8.7,卖盘
202,601718,际华集团,10:07:03,8.7,72600,8.71,卖盘
203,601718,际华集团,10:06:27,8.7,47100,8.71,卖盘
204,601718,际华集团,10:06:24,8.71,63100,8.7,买盘
205,601718,际华集团,10:06:18,8.71,56000,8.71,买盘
206,601718,际华集团,10:05:54,8.71,157200,8.71,买盘
207,601718,际华集团,10:05:22,8.69,50500,8.7,卖盘
208,601718,际华集团,10:04:51,8.7,66200,8.7,卖盘
209,601718,际华集团,10:04:06,8.7,68800,8.71,卖盘
210,601718,际华集团,10:03:51,8.72,46000,8.71,买盘
211,601718,际华集团,10:03:48,8.71,43200,8.72,卖盘
212,601718,际华集团,10:03:30,8.71,42400,8.71,卖盘
213,601718,际华集团,10:03:15,8.72,53800,8.72,买盘
214,601718,际华集团,10:02:36,8.72,68800,8.71,买盘
215,601718,际华集团,10:02:33,8.71,40600,8.72,卖盘
216,601718,际华集团,10:02:27,8.72,71900,8.72,卖盘
217,601718,际华集团,10:02:21,8.72,66600,8.72,卖盘
218,601718,际华集团,10:02:18,8.72,63600,8.72,买盘
219,601718,际华集团,10:02:15,8.72,212100,8.72,买盘
220,601718,际华集团,10:02:06,8.72,41300,8.71,买盘
221,601718,际华集团,10:02:03,8.71,63600,8.72,卖盘
222,601718,际华集团,10:02:00,8.72,45000,8.72,买盘
223,601718,际华集团,10:01:57,8.72,63900,8.72,买盘
224,601718,际华集团,10:01:42,8.72,136900,8.72,买盘
225,601718,际华集团,10:01:39,8.72,40700,8.73,卖盘
226,601718,际华集团,10:01:36,8.73,50100,8.73,买盘
227,601718,际华集团,10:01:30,8.73,104100,8.73,买盘
228,601718,际华集团,10:01:24,8.73,80100,8.72,买盘
229,601718,际华集团,10:01:21,8.72,48500,8.72,买盘
230,601718,际华集团,10:01:12,8.73,59500,8.73,买盘
231,601718,际华集团,10:01:09,8.73,165900,8.71,买盘
232,601718,际华集团,10:01:03,8.71,79600,8.71,买盘
233,601718,际华集团,10:01:00,8.71,90100,8.7,买盘
234,601718,际华集团,10:00:50,8.71,60100,8.69,买盘
235,601718,际华集团,10:00:48,8.69,99100,8.7,卖盘
236,601718,际华集团,10:00:45,8.7,65600,8.7,买盘
237,601718,际华集团,10:00:42,8.7,73200,8.7,买盘
238,601718,际华集团,10:00:39,8.7,76400,8.7,买盘
239,601718,际华集团,10:00:36,8.7,64900,8.69,买盘
240,601718,际华集团,10:00:33,8.69,104900,8.69,卖盘
241,601718,际华集团,10:00:27,8.7,119500,8.69,买盘
242,601718,际华集团,10:00:24,8.69,162500,8.68,买盘
243,601718,际华集团,10:00:21,8.68,107500,8.68,卖盘
244,601718,际华集团,10:00:18,8.68,331295,8.68,买盘
245,601718,际华集团,10:00:12,8.67,72400,8.68,卖盘
246,601718,际华集团,09:59:56,8.68,45500,8.67,买盘
247,601718,际华集团,09:59:54,8.67,135300,8.67,买盘
248,601718,际华集团,09:59:48,8.66,66000,8.66,卖盘
249,601718,际华集团,09:59:45,8.66,66600,8.67,卖盘
250,601718,际华集团,09:58:03,8.66,48400,8.66,买盘
251,601718,际华集团,09:57:42,8.66,48800,8.66,买盘
252,601718,际华集团,09:57:24,8.65,42700,8.65,买盘
253,601718,际华集团,09:57:00,8.64,43800,8.64,卖盘
254,601718,际华集团,09:56:56,8.64,106700,8.64,卖盘
255,601718,际华集团,09:53:56,8.64,70700,8.64,卖盘
256,601718,际华集团,09:53:15,8.66,42400,8.65,买盘
257,601718,际华集团,09:53:09,8.65,83800,8.65,卖盘
258,601718,际华集团,09:53:00,8.66,54600,8.65,买盘
259,601718,际华集团,09:52:21,8.66,54900,8.65,买盘
260,601718,际华集团,09:50:42,8.65,68614,8.64,买盘
261,601718,际华集团,09:50:36,8.65,45200,8.65,买盘
262,601718,际华集团,09:50:24,8.65,97400,8.64,买盘
263,601718,际华集团,09:50:15,8.65,100500,8.64,买盘
264,601718,际华集团,09:50:05,8.64,48100,8.65,卖盘
265,601718,际华集团,09:49:12,8.64,41200,8.65,卖盘
266,601718,际华集团,09:48:38,8.64,111900,8.63,买盘
267,601718,际华集团,09:47:27,8.63,73500,8.63,买盘
268,601718,际华集团,09:47:06,8.64,41300,8.63,买盘
269,601718,际华集团,09:46:54,8.65,40100,8.63,买盘
270,601718,际华集团,09:46:31,8.65,175500,8.64,买盘
271,601718,际华集团,09:46:15,8.65,52500,8.65,买盘
272,601718,际华集团,09:45:01,8.64,70100,8.64,卖盘
273,601718,际华集团,09:44:45,8.64,40100,8.65,卖盘
274,601718,际华集团,09:44:42,8.65,45100,8.65,买盘
275,601718,际华集团,09:43:54,8.65,84400,8.66,卖盘
276,601718,际华集团,09:43:15,8.65,92900,8.64,买盘
277,601718,际华集团,09:43:03,8.64,47500,8.65,卖盘
278,601718,际华集团,09:42:36,8.65,43700,8.65,卖盘
279,601718,际华集团,09:42:21,8.66,52300,8.66,买盘
280,601718,际华集团,09:41:48,8.67,102600,8.67,买盘
281,601718,际华集团,09:41:33,8.68,78700,8.68,买盘
282,601718,际华集团,09:41:24,8.68,87300,8.67,买盘
283,601718,际华集团,09:41:18,8.68,64500,8.68,买盘
284,601718,际华集团,09:40:54,8.66,47400,8.67,卖盘
285,601718,际华集团,09:40:48,8.68,86500,8.67,买盘
286,601718,际华集团,09:40:45,8.67,69100,8.67,买盘
287,601718,际华集团,09:40:42,8.67,40000,8.67,买盘
288,601718,际华集团,09:40:36,8.67,184700,8.68,卖盘
289,601718,际华集团,09:40:27,8.67,99800,8.67,买盘
290,601718,际华集团,09:40:24,8.67,47200,8.67,买盘
291,601718,际华集团,09:40:18,8.67,79400,8.66,买盘
292,601718,际华集团,09:40:11,8.66,47589,8.65,买盘
293,601718,际华集团,09:40:08,8.65,49300,8.65,卖盘
294,601718,际华集团,09:40:06,8.65,43500,8.65,卖盘
295,601718,际华集团,09:40:03,8.65,40000,8.65,卖盘
296,601718,际华集团,09:39:51,8.64,167200,8.64,买盘
297,601718,际华集团,09:39:48,8.64,46300,8.64,买盘
298,601718,际华集团,09:39:41,8.65,81400,8.64,买盘
299,601718,际华集团,09:39:36,8.64,52600,8.64,买盘
300,601718,际华集团,09:39:20,8.65,690500,8.61,买盘
301,601718,际华集团,09:39:09,8.61,70700,8.61,买盘
302,601718,际华集团,09:38:45,8.6,40100,8.6,卖盘
303,601718,际华集团,09:38:39,8.61,133300,8.6,买盘
304,601718,际华集团,09:38:24,8.6,46700,8.61,卖盘
305,601718,际华集团,09:37:54,8.6,57600,8.59,买盘
306,601718,际华集团,09:37:51,8.59,148118,8.6,卖盘
307,601718,际华集团,09:37:42,8.6,56500,8.59,买盘
308,601718,际华集团,09:37:27,8.58,71600,8.59,卖盘
309,601718,际华集团,09:37:08,8.59,53100,8.59,买盘
310,601718,际华集团,09:37:06,8.59,42500,8.58,买盘
311,601718,际华集团,09:36:38,8.55,50000,8.57,卖盘
312,601718,际华集团,09:36:32,8.56,53700,8.57,卖盘
313,601718,际华集团,09:36:14,8.55,65000,8.56,卖盘
314,601718,际华集团,09:35:59,8.58,138400,8.58,卖盘
315,601718,际华集团,09:35:42,8.59,59000,8.59,卖盘
316,601718,际华集团,09:35:27,8.6,56500,8.6,卖盘
317,601718,际华集团,09:35:24,8.6,49600,8.6,卖盘
318,601718,际华集团,09:35:06,8.61,136400,8.62,卖盘
319,601718,际华集团,09:34:45,8.61,62600,8.6,买盘
320,601718,际华集团,09:34:39,8.61,40400,8.6,买盘
321,601718,际华集团,09:34:27,8.6,96400,8.6,买盘
322,601718,际华集团,09:34:24,8.6,41500,8.6,买盘
323,601718,际华集团,09:34:15,8.59,68200,8.59,卖盘
324,601718,际华集团,09:34:12,8.59,55300,8.59,买盘
325,601718,际华集团,09:34:03,8.58,47000,8.59,卖盘
326,601718,际华集团,09:34:00,8.59,51200,8.59,买盘
327,601718,际华集团,09:33:45,8.57,161300,8.58,卖盘
328,601718,际华集团,09:33:39,8.59,172600,8.57,买盘
329,601718,际华集团,09:33:09,8.55,66600,8.54,买盘
330,601718,际华集团,09:32:57,8.55,116200,8.53,买盘
331,601718,际华集团,09:32:08,8.51,117300,8.52,卖盘
332,601718,际华集团,09:30:03,8.51,81800,8.51,卖盘
333,601718,际华集团,09:25:02,8.52,190400,0.0,买盘
