,code,name,time,price,volume,preprice,type
0,601857,中国石油,14:59:39,7.69,348200,7.68,买盘
1,601857,中国石油,14:59:30,7.68,46300,7.69,卖盘
2,601857,中国石油,14:59:25,7.68,64600,7.68,卖盘
3,601857,中国石油,14:59:18,7.68,48200,7.68,卖盘
4,601857,中国石油,14:59:03,7.69,60000,7.69,买盘
5,601857,中国石油,14:58:45,7.69,55700,7.69,买盘
6,601857,中国石油,14:58:27,7.69,56000,7.68,买盘
7,601857,中国石油,14:57:09,7.68,44200,7.69,卖盘
8,601857,中国石油,14:56:48,7.69,55000,7.69,买盘
9,601857,中国石油,14:56:33,7.69,57600,7.68,买盘
10,601857,中国石油,14:55:21,7.68,44000,7.68,卖盘
11,601857,中国石油,14:54:42,7.69,75900,7.69,买盘
12,601857,中国石油,14:53:38,7.68,410700,7.69,卖盘
13,601857,中国石油,14:53:26,7.69,105000,7.68,买盘
14,601857,中国石油,14:52:35,7.69,123900,7.68,买盘
15,601857,中国石油,14:52:11,7.69,69000,7.69,买盘
16,601857,中国石油,14:50:38,7.68,200800,7.7,卖盘
17,601857,中国石油,14:50:11,7.7,60000,7.7,买盘
18,601857,中国石油,14:48:52,7.69,43000,7.69,卖盘
19,601857,中国石油,14:45:41,7.7,70900,7.71,卖盘
20,601857,中国石油,14:41:25,7.71,57400,7.71,卖盘
21,601857,中国石油,14:41:19,7.71,59700,7.71,卖盘
22,601857,中国石油,14:41:13,7.71,58500,7.71,卖盘
23,601857,中国石油,14:40:55,7.71,43600,7.71,卖盘
24,601857,中国石油,14:40:01,7.72,157400,7.72,卖盘
25,601857,中国石油,14:39:27,7.72,395100,7.72,买盘
26,601857,中国石油,14:39:12,7.71,300500,7.7,买盘
27,601857,中国石油,14:38:54,7.7,591000,7.69,买盘
28,601857,中国石油,14:38:45,7.69,630000,7.68,买盘
29,601857,中国石油,14:38:30,7.68,587100,7.67,买盘
30,601857,中国石油,14:38:27,7.67,55000,7.66,买盘
31,601857,中国石油,14:38:12,7.66,89300,7.66,卖盘
32,601857,中国石油,14:33:45,7.66,65200,7.65,买盘
33,601857,中国石油,14:32:40,7.66,158500,7.66,买盘
34,601857,中国石油,14:32:28,7.65,64300,7.66,卖盘
35,601857,中国石油,14:18:49,7.66,449300,7.67,卖盘
36,601857,中国石油,13:58:55,7.67,57400,7.66,买盘
37,601857,中国石油,13:55:24,7.66,59800,7.66,卖盘
38,601857,中国石油,13:48:43,7.65,54300,7.65,卖盘
39,601857,中国石油,13:46:04,7.65,420100,7.65,卖盘
40,601857,中国石油,13:45:10,7.66,116608,7.67,卖盘
41,601857,中国石油,13:40:40,7.66,40100,7.66,卖盘
42,601857,中国石油,13:36:01,7.66,99000,7.67,卖盘
43,601857,中国石油,13:26:25,7.66,95992,7.65,买盘
44,601857,中国石油,13:10:33,7.66,93000,7.66,买盘
45,601857,中国石油,13:07:51,7.66,62408,7.66,卖盘
46,601857,中国石油,11:26:16,7.66,74708,7.67,卖盘
47,601857,中国石油,11:10:08,7.66,48900,7.66,买盘
48,601857,中国石油,11:03:25,7.66,41100,7.66,卖盘
49,601857,中国石油,11:02:13,7.66,73400,7.66,买盘
50,601857,中国石油,11:00:37,7.65,54100,7.65,买盘
51,601857,中国石油,10:57:46,7.65,150000,7.65,卖盘
52,601857,中国石油,10:57:22,7.65,94600,7.65,卖盘
53,601857,中国石油,10:57:10,7.65,120000,7.66,卖盘
54,601857,中国石油,10:56:13,7.65,281300,7.65,卖盘
55,601857,中国石油,10:40:33,7.65,46800,7.66,卖盘
56,601857,中国石油,10:35:00,7.65,80300,7.65,卖盘
57,601857,中国石油,10:34:18,7.66,162500,7.66,卖盘
58,601857,中国石油,10:31:06,7.66,52400,7.66,卖盘
59,601857,中国石油,10:26:35,7.66,100000,7.66,卖盘
60,601857,中国石油,10:19:48,7.67,40000,7.67,卖盘
61,601857,中国石油,10:15:39,7.66,170300,7.67,卖盘
62,601857,中国石油,10:10:00,7.66,62000,7.66,卖盘
63,601857,中国石油,10:05:03,7.67,57200,7.67,买盘
64,601857,中国石油,09:58:00,7.66,60100,7.66,卖盘
65,601857,中国石油,09:55:45,7.66,54000,7.66,卖盘
66,601857,中国石油,09:52:18,7.65,127900,7.67,卖盘
67,601857,中国石油,09:48:57,7.66,82600,7.67,卖盘
68,601857,中国石油,09:47:09,7.67,302600,7.67,中性盘
69,601857,中国石油,09:47:03,7.67,76700,7.67,卖盘
70,601857,中国石油,09:46:54,7.67,97500,7.68,卖盘
71,601857,中国石油,09:42:47,7.68,61300,7.68,买盘
72,601857,中国石油,09:39:00,7.67,47400,7.66,买盘
73,601857,中国石油,09:38:21,7.66,120800,7.66,卖盘
74,601857,中国石油,09:35:54,7.66,53500,7.66,卖盘
75,601857,中国石油,09:34:51,7.66,61000,7.67,卖盘
76,601857,中国石油,09:30:06,7.66,81500,7.67,卖盘
77,601857,中国石油,09:30:03,7.67,52200,7.66,买盘
78,601857,中国石油,09:25:03,7.66,181700,0.0,买盘
