,code,name,time,price,volume,preprice,type
0,002711,欧浦智网,15:00:03,18.79,304800,18.77,买盘
1,002711,欧浦智网,14:55:06,18.79,50000,18.72,买盘
2,002711,欧浦智网,14:44:12,18.7,56300,18.74,卖盘
3,002711,欧浦智网,14:43:18,18.8,50000,18.76,买盘
4,002711,欧浦智网,14:43:09,18.76,50900,18.77,卖盘
5,002711,欧浦智网,14:38:09,18.8,66600,18.8,卖盘
6,002711,欧浦智网,14:37:33,18.77,45700,18.74,买盘
7,002711,欧浦智网,14:33:33,18.9,95700,18.82,买盘
8,002711,欧浦智网,14:32:54,18.9,200000,18.81,买盘
9,002711,欧浦智网,14:32:27,18.89,100000,18.8,买盘
10,002711,欧浦智网,14:32:15,18.88,100000,18.8,买盘
11,002711,欧浦智网,14:31:54,18.87,44374,18.81,买盘
12,002711,欧浦智网,14:31:42,18.82,243966,18.84,卖盘
13,002711,欧浦智网,14:31:33,18.84,144100,18.81,买盘
14,002711,欧浦智网,14:31:24,18.81,126300,18.78,买盘
15,002711,欧浦智网,14:31:09,18.78,87500,18.75,买盘
16,002711,欧浦智网,14:31:03,18.75,100500,18.67,买盘
17,002711,欧浦智网,14:27:18,18.59,95000,18.63,卖盘
18,002711,欧浦智网,14:20:45,18.7,62400,18.63,买盘
19,002711,欧浦智网,14:20:18,18.6,50000,18.61,买盘
20,002711,欧浦智网,14:19:57,18.59,149100,18.58,买盘
21,002711,欧浦智网,14:15:51,18.53,41000,18.54,卖盘
22,002711,欧浦智网,14:08:39,18.52,56700,18.54,卖盘
23,002711,欧浦智网,13:41:27,18.57,40396,18.58,卖盘
24,002711,欧浦智网,13:40:24,18.57,108404,18.56,买盘
25,002711,欧浦智网,13:22:39,18.53,70900,18.55,卖盘
26,002711,欧浦智网,13:11:36,18.5,272700,18.56,卖盘
27,002711,欧浦智网,13:11:09,18.57,50575,18.59,卖盘
28,002711,欧浦智网,13:05:42,18.6,42400,18.59,买盘
29,002711,欧浦智网,13:00:03,18.62,61000,18.62,卖盘
30,002711,欧浦智网,10:56:21,18.83,94000,18.79,买盘
31,002711,欧浦智网,10:56:18,18.79,100000,18.7,买盘
32,002711,欧浦智网,10:33:06,18.85,100000,18.78,买盘
33,002711,欧浦智网,10:32:39,18.83,67240,18.78,买盘
34,002711,欧浦智网,10:32:30,18.78,47800,18.78,卖盘
35,002711,欧浦智网,10:32:21,18.76,103740,18.68,买盘
36,002711,欧浦智网,10:32:03,18.75,50400,18.68,买盘
37,002711,欧浦智网,10:31:48,18.58,60100,18.58,卖盘
38,002711,欧浦智网,10:24:45,18.61,42970,18.6,买盘
39,002711,欧浦智网,10:23:48,18.6,126700,18.62,卖盘
40,002711,欧浦智网,10:21:45,18.62,40000,18.66,卖盘
41,002711,欧浦智网,10:20:06,18.63,40000,18.66,卖盘
42,002711,欧浦智网,10:01:12,18.67,54300,18.65,买盘
43,002711,欧浦智网,09:55:27,18.62,71200,18.66,卖盘
44,002711,欧浦智网,09:40:48,18.6,50000,18.59,买盘
45,002711,欧浦智网,09:40:30,18.6,41700,18.62,卖盘
