,code,name,time,price,volume,preprice,type
0,601818,光大银行,14:59:41,4.05,193400,4.04,买盘
1,601818,光大银行,14:59:28,4.04,64100,4.05,卖盘
2,601818,光大银行,14:59:25,4.05,234900,4.05,买盘
3,601818,光大银行,14:59:19,4.05,114600,4.04,买盘
4,601818,光大银行,14:59:04,4.05,92500,4.05,买盘
5,601818,光大银行,14:59:01,4.05,199400,4.04,买盘
6,601818,光大银行,14:58:52,4.04,44400,4.05,卖盘
7,601818,光大银行,14:58:49,4.05,92500,4.04,买盘
8,601818,光大银行,14:58:46,4.04,198800,4.05,卖盘
9,601818,光大银行,14:58:34,4.05,128300,4.05,买盘
10,601818,光大银行,14:58:28,4.05,114600,4.05,买盘
11,601818,光大银行,14:58:25,4.05,185000,4.05,买盘
12,601818,光大银行,14:58:22,4.05,92500,4.05,买盘
13,601818,光大银行,14:58:04,4.04,42900,4.05,卖盘
14,601818,光大银行,14:56:49,4.05,185000,4.05,买盘
15,601818,光大银行,14:56:40,4.05,124500,4.04,买盘
16,601818,光大银行,14:56:34,4.05,185000,4.05,买盘
17,601818,光大银行,14:56:31,4.05,107500,4.05,买盘
18,601818,光大银行,14:56:25,4.05,64200,4.04,买盘
19,601818,光大银行,14:55:46,4.04,57500,4.05,卖盘
20,601818,光大银行,14:55:41,4.05,92500,4.05,买盘
21,601818,光大银行,14:55:31,4.04,74130,4.04,买盘
22,601818,光大银行,14:55:28,4.04,92500,4.04,买盘
23,601818,光大银行,14:55:13,4.04,43000,4.03,买盘
24,601818,光大银行,14:54:49,4.03,148700,4.04,卖盘
25,601818,光大银行,14:54:29,4.04,42500,4.04,买盘
26,601818,光大银行,14:54:19,4.04,158770,4.04,卖盘
27,601818,光大银行,14:54:16,4.04,85300,4.04,卖盘
28,601818,光大银行,14:53:13,4.05,45700,4.04,买盘
29,601818,光大银行,14:52:34,4.04,57100,4.04,卖盘
30,601818,光大银行,14:50:13,4.04,54700,4.05,卖盘
31,601818,光大银行,14:49:19,4.05,50300,4.04,买盘
32,601818,光大银行,14:45:58,4.05,47800,4.04,买盘
33,601818,光大银行,14:42:40,4.04,113600,4.05,卖盘
34,601818,光大银行,14:39:46,4.05,40300,4.04,买盘
35,601818,光大银行,14:39:19,4.04,185300,4.05,卖盘
36,601818,光大银行,14:39:01,4.05,185000,4.04,买盘
37,601818,光大银行,14:38:28,4.04,185000,4.03,买盘
38,601818,光大银行,14:37:52,4.04,185000,4.03,买盘
39,601818,光大银行,14:37:46,4.03,64200,4.03,卖盘
40,601818,光大银行,14:37:37,4.04,185100,4.04,买盘
41,601818,光大银行,14:37:16,4.04,382000,4.04,买盘
42,601818,光大银行,14:37:01,4.04,185000,4.03,买盘
43,601818,光大银行,14:36:43,4.04,185500,4.03,买盘
44,601818,光大银行,14:36:25,4.03,95100,4.04,卖盘
45,601818,光大银行,14:36:13,4.04,94500,4.03,买盘
46,601818,光大银行,14:35:46,4.03,108500,4.03,卖盘
47,601818,光大银行,14:35:40,4.03,71500,4.04,卖盘
48,601818,光大银行,14:35:37,4.04,90000,4.03,买盘
49,601818,光大银行,14:35:31,4.03,94900,4.04,卖盘
50,601818,光大银行,14:35:25,4.03,50300,4.03,卖盘
51,601818,光大银行,14:35:23,4.03,100000,4.03,卖盘
52,601818,光大银行,14:35:10,4.03,50000,4.03,卖盘
53,601818,光大银行,14:33:31,4.03,187600,4.04,卖盘
54,601818,光大银行,14:33:22,4.04,106300,4.03,买盘
55,601818,光大银行,14:32:55,4.03,57100,4.04,卖盘
56,601818,光大银行,14:31:31,4.04,47600,4.04,买盘
57,601818,光大银行,14:29:55,4.04,62000,4.04,买盘
58,601818,光大银行,14:29:43,4.04,74000,4.03,买盘
59,601818,光大银行,14:25:49,4.03,75400,4.03,卖盘
60,601818,光大银行,14:21:19,4.03,100000,4.04,卖盘
61,601818,光大银行,14:20:45,4.04,64700,4.04,买盘
62,601818,光大银行,14:20:13,4.04,50400,4.04,买盘
63,601818,光大银行,14:20:06,4.04,92500,4.03,买盘
64,601818,光大银行,14:19:55,4.04,92500,4.04,买盘
65,601818,光大银行,14:19:43,4.04,92500,4.03,买盘
66,601818,光大银行,14:19:29,4.04,93400,4.03,买盘
67,601818,光大银行,14:19:16,4.04,92500,4.03,买盘
68,601818,光大银行,14:19:01,4.04,109500,4.03,买盘
69,601818,光大银行,14:18:43,4.04,92500,4.03,买盘
70,601818,光大银行,14:18:31,4.04,92500,4.03,买盘
71,601818,光大银行,14:18:19,4.03,97500,4.03,卖盘
72,601818,光大银行,14:18:04,4.04,92500,4.03,买盘
73,601818,光大银行,14:17:46,4.04,92800,4.04,买盘
74,601818,光大银行,14:17:34,4.04,92500,4.03,买盘
75,601818,光大银行,14:17:22,4.04,92500,4.04,买盘
76,601818,光大银行,14:17:10,4.04,93500,4.03,买盘
77,601818,光大银行,14:12:25,4.04,92500,4.03,买盘
78,601818,光大银行,14:12:13,4.04,93400,4.04,买盘
79,601818,光大银行,14:12:01,4.04,92500,4.03,买盘
80,601818,光大银行,14:11:46,4.04,92500,4.03,买盘
81,601818,光大银行,14:11:19,4.04,92500,4.03,买盘
82,601818,光大银行,14:10:58,4.03,99000,4.04,卖盘
83,601818,光大银行,14:10:28,4.04,104800,4.03,买盘
84,601818,光大银行,14:10:16,4.04,104000,4.04,买盘
85,601818,光大银行,14:09:37,4.03,97900,4.04,卖盘
86,601818,光大银行,14:09:19,4.04,92500,4.03,买盘
87,601818,光大银行,14:09:07,4.04,92548,4.03,买盘
88,601818,光大银行,14:08:46,4.04,92500,4.03,买盘
89,601818,光大银行,13:53:40,4.04,75200,4.03,买盘
90,601818,光大银行,13:52:31,4.04,92700,4.03,买盘
91,601818,光大银行,13:52:13,4.04,92500,4.03,买盘
92,601818,光大银行,13:52:04,4.03,92600,4.03,卖盘
93,601818,光大银行,13:51:52,4.04,92500,4.03,买盘
94,601818,光大银行,13:51:40,4.04,92500,4.03,买盘
95,601818,光大银行,13:51:31,4.04,92500,4.04,买盘
96,601818,光大银行,13:51:19,4.04,92500,4.03,买盘
97,601818,光大银行,13:51:07,4.03,200100,4.03,买盘
98,601818,光大银行,13:50:55,4.03,92500,4.03,买盘
99,601818,光大银行,13:50:52,4.03,66500,4.03,买盘
100,601818,光大银行,13:50:46,4.03,92500,4.03,买盘
101,601818,光大银行,13:50:28,4.03,93500,4.03,买盘
102,601818,光大银行,13:50:16,4.03,92500,4.02,买盘
103,601818,光大银行,13:50:04,4.03,92600,4.03,买盘
104,601818,光大银行,13:49:55,4.03,95200,4.03,买盘
105,601818,光大银行,13:49:40,4.03,92500,4.02,买盘
106,601818,光大银行,13:46:55,4.02,86000,4.02,卖盘
107,601818,光大银行,13:42:40,4.02,325900,4.02,卖盘
108,601818,光大银行,13:42:19,4.02,100100,4.03,卖盘
109,601818,光大银行,13:41:28,4.02,42200,4.02,卖盘
110,601818,光大银行,13:40:34,4.03,101000,4.02,买盘
111,601818,光大银行,13:40:10,4.02,143500,4.03,卖盘
112,601818,光大银行,13:33:07,4.02,309000,4.02,卖盘
113,601818,光大银行,13:28:46,4.02,110000,4.03,卖盘
114,601818,光大银行,13:21:49,4.03,122600,4.03,买盘
115,601818,光大银行,13:21:31,4.03,43200,4.03,买盘
116,601818,光大银行,13:17:16,4.03,100000,4.03,买盘
117,601818,光大银行,13:17:10,4.03,241000,4.03,卖盘
118,601818,光大银行,13:15:43,4.03,64500,4.02,买盘
119,601818,光大银行,13:15:37,4.03,115300,4.03,买盘
120,601818,光大银行,13:15:02,4.03,343300,4.02,买盘
121,601818,光大银行,13:14:45,4.03,129600,4.03,买盘
122,601818,光大银行,13:14:40,4.03,72400,4.03,买盘
123,601818,光大银行,13:10:01,4.03,41300,4.02,买盘
124,601818,光大银行,13:06:49,4.03,51600,4.02,买盘
125,601818,光大银行,13:04:55,4.02,41600,4.02,卖盘
126,601818,光大银行,13:01:46,4.03,801990,4.03,卖盘
127,601818,光大银行,13:00:07,4.03,56410,4.04,卖盘
128,601818,光大银行,13:00:04,4.04,47800,4.04,买盘
129,601818,光大银行,11:26:15,4.03,100200,4.04,卖盘
130,601818,光大银行,11:23:13,4.03,441500,4.03,买盘
131,601818,光大银行,11:22:07,4.03,220800,4.03,买盘
132,601818,光大银行,11:22:04,4.03,208500,4.03,买盘
133,601818,光大银行,11:20:21,4.03,300000,4.02,买盘
134,601818,光大银行,11:13:48,4.04,47100,4.03,买盘
135,601818,光大银行,11:13:03,4.03,72900,4.02,中性盘
136,601818,光大银行,11:12:58,4.04,101500,4.02,买盘
137,601818,光大银行,11:12:48,4.03,42800,4.03,买盘
138,601818,光大银行,11:12:33,4.03,62700,4.03,买盘
139,601818,光大银行,11:12:28,4.03,100000,4.03,买盘
140,601818,光大银行,11:12:03,4.03,62000,4.03,买盘
141,601818,光大银行,11:11:57,4.03,101400,4.02,买盘
142,601818,光大银行,11:11:39,4.03,202800,4.03,买盘
143,601818,光大银行,11:11:33,4.03,62000,4.03,买盘
144,601818,光大银行,11:11:13,4.03,105200,4.02,买盘
145,601818,光大银行,11:11:03,4.03,62000,4.03,买盘
146,601818,光大银行,11:10:15,4.03,105200,4.03,买盘
147,601818,光大银行,11:09:24,4.02,512700,4.02,卖盘
148,601818,光大银行,11:09:16,4.02,505100,4.02,卖盘
149,601818,光大银行,11:04:36,4.02,40000,4.02,卖盘
150,601818,光大银行,11:03:42,4.02,50000,4.02,卖盘
151,601818,光大银行,11:01:45,4.03,200000,4.02,买盘
152,601818,光大银行,11:01:27,4.03,51200,4.03,买盘
153,601818,光大银行,11:01:12,4.03,227500,4.03,买盘
154,601818,光大银行,10:57:06,4.02,40000,4.02,卖盘
155,601818,光大银行,10:56:54,4.02,41000,4.02,卖盘
156,601818,光大银行,10:56:24,4.02,132300,4.03,卖盘
157,601818,光大银行,10:56:18,4.03,109400,4.02,买盘
158,601818,光大银行,10:54:48,4.02,52800,4.02,卖盘
159,601818,光大银行,10:53:36,4.02,109200,4.03,卖盘
160,601818,光大银行,10:50:24,4.02,80200,4.03,卖盘
161,601818,光大银行,10:48:57,4.02,43600,4.03,卖盘
162,601818,光大银行,10:48:03,4.03,171300,4.02,买盘
163,601818,光大银行,10:45:09,4.03,182500,4.03,买盘
164,601818,光大银行,10:44:27,4.03,500000,4.03,买盘
165,601818,光大银行,10:39:12,4.03,273200,4.02,买盘
166,601818,光大银行,10:37:45,4.03,109800,4.03,买盘
167,601818,光大银行,10:36:36,4.02,50000,4.03,卖盘
168,601818,光大银行,10:36:33,4.03,200000,4.02,买盘
169,601818,光大银行,10:34:51,4.03,303000,4.03,买盘
170,601818,光大银行,10:33:24,4.03,50600,4.03,买盘
171,601818,光大银行,10:31:21,4.03,102300,4.02,买盘
172,601818,光大银行,10:30:48,4.03,82300,4.03,买盘
173,601818,光大银行,10:30:03,4.03,52000,4.03,买盘
174,601818,光大银行,10:24:57,4.02,412950,4.03,卖盘
175,601818,光大银行,10:24:45,4.03,128600,4.04,卖盘
176,601818,光大银行,10:24:42,4.04,501800,4.03,买盘
177,601818,光大银行,10:24:39,4.03,350100,4.03,卖盘
178,601818,光大银行,10:24:33,4.03,56400,4.04,卖盘
179,601818,光大银行,10:24:27,4.03,100000,4.03,卖盘
180,601818,光大银行,10:24:09,4.03,198100,4.03,卖盘
181,601818,光大银行,10:24:00,4.03,46300,4.03,卖盘
182,601818,光大银行,10:23:36,4.03,44900,4.03,卖盘
183,601818,光大银行,10:23:30,4.03,46400,4.04,卖盘
184,601818,光大银行,10:23:24,4.03,63300,4.03,卖盘
185,601818,光大银行,10:22:42,4.03,40000,4.03,卖盘
186,601818,光大银行,10:20:57,4.04,46100,4.03,买盘
187,601818,光大银行,10:19:18,4.03,194650,4.03,卖盘
188,601818,光大银行,10:19:06,4.03,917900,4.03,卖盘
189,601818,光大银行,10:18:54,4.03,104700,4.03,卖盘
190,601818,光大银行,10:17:45,4.03,44100,4.04,卖盘
191,601818,光大银行,10:16:21,4.03,143600,4.04,卖盘
192,601818,光大银行,10:15:36,4.03,49000,4.03,卖盘
193,601818,光大银行,10:15:09,4.03,101000,4.04,卖盘
194,601818,光大银行,10:10:33,4.04,59900,4.03,买盘
195,601818,光大银行,10:10:00,4.04,108300,4.04,买盘
196,601818,光大银行,10:09:50,4.03,46600,4.03,卖盘
197,601818,光大银行,10:09:24,4.03,40600,4.04,卖盘
198,601818,光大银行,10:07:21,4.03,748300,4.04,卖盘
199,601818,光大银行,10:06:54,4.03,201400,4.03,卖盘
200,601818,光大银行,10:06:15,4.04,48900,4.04,买盘
201,601818,光大银行,10:05:22,4.03,468900,4.04,卖盘
202,601818,光大银行,10:05:18,4.04,124900,4.04,买盘
203,601818,光大银行,10:04:45,4.04,40800,4.03,买盘
204,601818,光大银行,10:04:21,4.04,473300,4.03,买盘
205,601818,光大银行,10:04:03,4.04,1010000,4.04,买盘
206,601818,光大银行,10:04:00,4.04,256900,4.04,买盘
207,601818,光大银行,10:03:06,4.03,50200,4.03,卖盘
208,601818,光大银行,10:02:51,4.03,50200,4.03,卖盘
209,601818,光大银行,10:00:21,4.03,100000,4.04,卖盘
210,601818,光大银行,09:59:48,4.03,79200,4.04,卖盘
211,601818,光大银行,09:59:45,4.04,688500,4.03,买盘
212,601818,光大银行,09:58:36,4.03,43700,4.03,卖盘
213,601818,光大银行,09:57:21,4.04,41600,4.04,买盘
214,601818,光大银行,09:56:48,4.04,80000,4.03,买盘
215,601818,光大银行,09:56:27,4.03,206600,4.03,卖盘
216,601818,光大银行,09:54:48,4.03,58000,4.04,卖盘
217,601818,光大银行,09:54:45,4.04,82000,4.04,买盘
218,601818,光大银行,09:54:09,4.03,40200,4.03,卖盘
219,601818,光大银行,09:54:06,4.03,202100,4.04,卖盘
220,601818,光大银行,09:54:00,4.04,48300,4.04,买盘
221,601818,光大银行,09:53:42,4.03,150000,4.04,卖盘
222,601818,光大银行,09:53:27,4.03,65000,4.03,卖盘
223,601818,光大银行,09:53:24,4.03,646300,4.03,卖盘
224,601818,光大银行,09:53:21,4.03,77900,4.03,卖盘
225,601818,光大银行,09:53:15,4.03,732600,4.03,卖盘
226,601818,光大银行,09:52:15,4.03,137200,4.03,卖盘
227,601818,光大银行,09:51:36,4.03,200000,4.03,卖盘
228,601818,光大银行,09:50:54,4.03,438900,4.04,卖盘
229,601818,光大银行,09:50:09,4.04,42500,4.04,买盘
230,601818,光大银行,09:47:33,4.04,72000,4.04,买盘
231,601818,光大银行,09:47:15,4.04,267800,4.04,卖盘
232,601818,光大银行,09:47:11,4.04,82900,4.04,卖盘
233,601818,光大银行,09:47:08,4.04,199100,4.04,卖盘
234,601818,光大银行,09:47:06,4.04,72300,4.04,卖盘
235,601818,光大银行,09:47:03,4.04,85800,4.04,卖盘
236,601818,光大银行,09:46:59,4.04,140900,4.04,卖盘
237,601818,光大银行,09:46:54,4.04,70800,4.04,卖盘
238,601818,光大银行,09:46:51,4.04,308200,4.04,卖盘
239,601818,光大银行,09:46:45,4.04,140800,4.04,卖盘
240,601818,光大银行,09:46:31,4.05,88100,4.04,买盘
241,601818,光大银行,09:46:07,4.05,252300,4.04,买盘
242,601818,光大银行,09:42:03,4.04,64900,4.04,卖盘
243,601818,光大银行,09:42:00,4.04,193600,4.04,买盘
244,601818,光大银行,09:41:57,4.04,323400,4.03,买盘
245,601818,光大银行,09:41:54,4.03,771400,4.03,卖盘
246,601818,光大银行,09:41:30,4.04,101200,4.03,买盘
247,601818,光大银行,09:41:27,4.03,100000,4.04,卖盘
248,601818,光大银行,09:41:24,4.04,55900,4.03,买盘
249,601818,光大银行,09:40:06,4.03,52600,4.04,卖盘
250,601818,光大银行,09:39:42,4.03,67800,4.04,卖盘
251,601818,光大银行,09:39:15,4.04,50000,4.04,买盘
252,601818,光大银行,09:39:06,4.03,42100,4.04,卖盘
253,601818,光大银行,09:38:30,4.04,44400,4.03,买盘
254,601818,光大银行,09:38:27,4.03,50100,4.03,卖盘
255,601818,光大银行,09:38:12,4.03,101000,4.04,卖盘
256,601818,光大银行,09:36:36,4.04,205000,4.04,买盘
257,601818,光大银行,09:35:33,4.04,355800,4.04,卖盘
258,601818,光大银行,09:35:24,4.04,94300,4.04,卖盘
259,601818,光大银行,09:35:18,4.04,98800,4.04,卖盘
260,601818,光大银行,09:35:09,4.05,60200,4.04,买盘
261,601818,光大银行,09:35:06,4.04,193800,4.04,卖盘
262,601818,光大银行,09:34:51,4.04,130900,4.04,卖盘
263,601818,光大银行,09:34:27,4.04,124600,4.04,卖盘
264,601818,光大银行,09:34:00,4.04,60200,4.04,卖盘
265,601818,光大银行,09:33:36,4.04,52200,4.04,卖盘
266,601818,光大银行,09:33:27,4.04,44900,4.04,卖盘
267,601818,光大银行,09:32:45,4.04,52300,4.04,卖盘
268,601818,光大银行,09:31:12,4.04,184700,4.04,卖盘
269,601818,光大银行,09:30:57,4.04,65300,4.04,卖盘
270,601818,光大银行,09:30:30,4.04,49700,4.04,卖盘
271,601818,光大银行,09:30:15,4.04,54600,4.04,卖盘
272,601818,光大银行,09:30:06,4.04,107300,4.04,卖盘
273,601818,光大银行,09:30:03,4.04,94400,4.04,卖盘
274,601818,光大银行,09:30:00,4.04,510200,4.04,卖盘
275,601818,光大银行,09:25:04,4.04,298900,0.0,买盘
