,code,name,time,price,volume,preprice,type
0,002716,金贵银业,15:00:03,19.19,391419,19.19,买盘
1,002716,金贵银业,14:56:45,19.18,44600,19.19,卖盘
2,002716,金贵银业,14:55:18,19.19,41400,19.18,中性盘
3,002716,金贵银业,14:54:36,19.18,55400,19.18,买盘
4,002716,金贵银业,14:54:00,19.15,40000,19.15,卖盘
5,002716,金贵银业,14:51:45,19.15,75500,19.11,买盘
6,002716,金贵银业,14:47:24,19.15,47200,19.14,买盘
7,002716,金贵银业,14:42:48,19.19,46600,19.19,卖盘
8,002716,金贵银业,14:42:24,19.18,206300,19.19,卖盘
9,002716,金贵银业,14:41:51,19.18,49000,19.17,买盘
10,002716,金贵银业,14:41:00,19.15,100100,19.13,买盘
11,002716,金贵银业,14:40:06,19.12,51700,19.1,买盘
12,002716,金贵银业,14:38:36,19.1,50100,19.08,买盘
13,002716,金贵银业,14:37:39,19.06,70300,19.07,卖盘
14,002716,金贵银业,14:25:33,19.05,87700,19.05,卖盘
15,002716,金贵银业,14:22:15,19.08,53900,19.07,买盘
16,002716,金贵银业,14:04:36,19.11,101100,19.11,卖盘
17,002716,金贵银业,14:01:45,19.12,47000,19.11,买盘
18,002716,金贵银业,13:58:51,19.12,49200,19.09,买盘
19,002716,金贵银业,13:50:12,19.12,89716,19.07,买盘
20,002716,金贵银业,13:49:57,19.07,69000,19.09,卖盘
21,002716,金贵银业,13:48:30,19.04,47200,19.0,买盘
22,002716,金贵银业,13:43:36,19.15,84500,19.13,买盘
23,002716,金贵银业,13:41:51,19.05,117400,19.06,卖盘
24,002716,金贵银业,13:40:48,19.06,48100,19.01,买盘
25,002716,金贵银业,13:27:51,19.0,80000,18.95,买盘
26,002716,金贵银业,13:21:45,19.0,100000,18.98,买盘
27,002716,金贵银业,13:21:18,18.98,80100,18.92,买盘
28,002716,金贵银业,13:03:00,18.83,40000,18.8,买盘
29,002716,金贵银业,11:28:51,18.8,49130,18.75,买盘
30,002716,金贵银业,11:19:12,18.8,53900,18.81,卖盘
31,002716,金贵银业,11:02:12,18.8,61000,18.79,买盘
32,002716,金贵银业,10:59:42,18.82,61500,18.8,买盘
33,002716,金贵银业,10:55:30,18.8,41600,18.81,卖盘
34,002716,金贵银业,10:28:18,18.91,54500,18.9,买盘
35,002716,金贵银业,10:22:51,18.9,79300,18.9,卖盘
36,002716,金贵银业,10:19:12,18.98,60900,18.99,卖盘
37,002716,金贵银业,10:17:36,19.0,73800,18.99,买盘
38,002716,金贵银业,10:15:27,19.05,46800,19.04,买盘
39,002716,金贵银业,10:14:51,19.0,48920,18.98,买盘
40,002716,金贵银业,10:13:39,19.02,103198,19.02,卖盘
41,002716,金贵银业,10:12:48,19.15,40000,19.17,卖盘
42,002716,金贵银业,10:12:30,19.2,57500,19.2,买盘
43,002716,金贵银业,10:11:42,19.11,56600,19.08,买盘
44,002716,金贵银业,10:10:42,18.99,69600,19.0,卖盘
45,002716,金贵银业,10:10:24,18.99,42600,18.99,买盘
46,002716,金贵银业,10:09:06,18.91,47200,18.89,买盘
47,002716,金贵银业,10:08:36,18.89,46300,18.88,买盘
48,002716,金贵银业,10:04:00,18.8,74500,18.78,买盘
49,002716,金贵银业,10:01:15,18.77,56500,18.77,卖盘
50,002716,金贵银业,09:57:27,18.74,50800,18.75,卖盘
51,002716,金贵银业,09:44:42,18.6,63500,18.56,买盘
52,002716,金贵银业,09:44:09,18.57,50900,18.56,买盘
53,002716,金贵银业,09:41:06,18.49,41100,18.49,卖盘
54,002716,金贵银业,09:39:06,18.5,40700,18.54,卖盘
55,002716,金贵银业,09:30:48,18.43,43700,18.39,买盘
56,002716,金贵银业,09:30:03,18.32,96200,18.33,卖盘
57,002716,金贵银业,09:25:03,18.32,105260,0.0,中性盘
