,code,name,time,price,volume,preprice,type
0,601601,中国太保,14:59:25,33.85,59000,33.88,卖盘
1,601601,中国太保,14:58:45,33.91,40400,33.89,买盘
2,601601,中国太保,14:58:30,33.84,57600,33.9,卖盘
3,601601,中国太保,14:56:00,33.83,73300,33.81,买盘
4,601601,中国太保,14:55:51,33.8,122800,33.8,卖盘
5,601601,中国太保,14:55:48,33.8,64300,33.81,卖盘
6,601601,中国太保,14:46:16,33.98,62354,33.97,买盘
7,601601,中国太保,14:45:19,33.96,128451,33.95,买盘
8,601601,中国太保,14:45:13,33.94,46100,33.94,买盘
9,601601,中国太保,14:44:40,33.89,41100,33.89,卖盘
10,601601,中国太保,14:44:20,33.85,60000,33.86,卖盘
11,601601,中国太保,14:40:58,33.96,86900,33.94,买盘
12,601601,中国太保,14:37:15,33.86,91700,33.87,卖盘
13,601601,中国太保,14:32:16,33.88,46600,33.91,卖盘
14,601601,中国太保,14:28:34,33.98,100600,33.96,买盘
15,601601,中国太保,14:28:10,33.9,47600,33.88,买盘
16,601601,中国太保,14:28:04,33.88,105600,33.85,买盘
17,601601,中国太保,14:27:28,33.85,46200,33.83,买盘
18,601601,中国太保,14:18:15,33.79,73000,33.8,卖盘
19,601601,中国太保,14:15:15,33.81,207500,33.82,卖盘
20,601601,中国太保,14:11:16,33.8,53500,33.79,买盘
21,601601,中国太保,14:11:15,33.79,106300,33.79,卖盘
22,601601,中国太保,14:08:55,33.72,105300,33.71,买盘
23,601601,中国太保,14:08:04,33.73,41700,33.74,卖盘
24,601601,中国太保,14:07:40,33.74,43400,33.75,卖盘
25,601601,中国太保,14:06:16,33.73,65000,33.75,卖盘
26,601601,中国太保,14:06:01,33.75,61200,33.75,卖盘
27,601601,中国太保,14:02:13,33.87,81663,33.83,买盘
28,601601,中国太保,13:59:28,33.86,40400,33.85,买盘
29,601601,中国太保,13:56:51,33.85,63500,33.86,卖盘
30,601601,中国太保,13:49:01,33.79,40300,33.79,卖盘
31,601601,中国太保,13:46:43,33.81,50300,33.82,卖盘
32,601601,中国太保,13:40:10,33.83,51300,33.85,卖盘
33,601601,中国太保,13:40:01,33.87,40000,33.84,买盘
34,601601,中国太保,13:37:01,33.77,40100,33.77,卖盘
35,601601,中国太保,13:32:03,33.7,64100,33.7,卖盘
36,601601,中国太保,13:31:36,33.7,91200,33.71,卖盘
37,601601,中国太保,13:27:22,33.72,50000,33.72,卖盘
38,601601,中国太保,13:21:55,33.75,43800,33.76,卖盘
39,601601,中国太保,13:20:07,33.8,40400,33.8,卖盘
40,601601,中国太保,13:17:31,33.79,50400,33.79,卖盘
41,601601,中国太保,13:07:36,33.7,41100,33.7,卖盘
42,601601,中国太保,13:05:19,33.73,41900,33.73,卖盘
43,601601,中国太保,13:04:25,33.75,52000,33.74,买盘
44,601601,中国太保,13:04:10,33.75,46563,33.75,卖盘
45,601601,中国太保,11:13:27,33.66,41400,33.68,卖盘
46,601601,中国太保,11:10:05,33.54,40500,33.53,买盘
47,601601,中国太保,11:07:47,33.46,140000,33.5,卖盘
48,601601,中国太保,11:06:16,33.54,50100,33.51,买盘
49,601601,中国太保,11:02:22,33.52,42500,33.5,买盘
50,601601,中国太保,10:52:48,33.4,40000,33.42,卖盘
51,601601,中国太保,10:52:36,33.42,60100,33.42,卖盘
52,601601,中国太保,10:49:12,33.43,40400,33.44,卖盘
53,601601,中国太保,10:48:23,33.45,40100,33.45,买盘
54,601601,中国太保,10:38:51,33.48,40400,33.48,卖盘
55,601601,中国太保,10:38:06,33.47,67300,33.47,买盘
56,601601,中国太保,10:34:36,33.39,42200,33.4,卖盘
57,601601,中国太保,10:27:06,33.41,60100,33.4,买盘
58,601601,中国太保,10:23:56,33.42,62400,33.42,卖盘
59,601601,中国太保,10:23:17,33.4,100000,33.46,卖盘
60,601601,中国太保,10:17:39,33.43,40100,33.43,卖盘
61,601601,中国太保,10:12:24,33.45,70500,33.44,买盘
62,601601,中国太保,10:09:27,33.43,48361,33.44,卖盘
63,601601,中国太保,10:07:27,33.51,73000,33.45,买盘
64,601601,中国太保,10:03:53,33.46,58200,33.44,买盘
65,601601,中国太保,10:03:48,33.44,43600,33.43,买盘
66,601601,中国太保,09:58:24,33.45,66700,33.45,买盘
67,601601,中国太保,09:54:18,33.57,51500,33.42,买盘
68,601601,中国太保,09:54:12,33.41,55300,33.41,卖盘
69,601601,中国太保,09:47:24,33.4,80000,33.45,卖盘
70,601601,中国太保,09:46:15,33.56,40700,33.58,卖盘
71,601601,中国太保,09:43:33,33.54,61300,33.58,卖盘
72,601601,中国太保,09:34:48,33.42,41000,33.49,卖盘
73,601601,中国太保,09:34:03,33.49,50600,33.52,卖盘
74,601601,中国太保,09:33:57,33.55,52000,33.56,卖盘
75,601601,中国太保,09:32:54,33.55,42100,33.47,买盘
76,601601,中国太保,09:25:02,33.42,53300,0.0,买盘
