,code,name,time,price,volume,preprice,type
0,601688,华泰证券,14:59:25,17.89,130800,17.89,买盘
1,601688,华泰证券,14:59:06,17.9,40000,17.87,买盘
2,601688,华泰证券,14:59:03,17.87,81100,17.86,买盘
3,601688,华泰证券,14:58:45,17.86,80100,17.87,卖盘
4,601688,华泰证券,14:58:27,17.88,82800,17.87,买盘
5,601688,华泰证券,14:58:06,17.86,104500,17.88,卖盘
6,601688,华泰证券,14:57:27,17.86,130000,17.89,卖盘
7,601688,华泰证券,14:56:36,17.9,40000,17.86,买盘
8,601688,华泰证券,14:55:36,17.85,93600,17.85,买盘
9,601688,华泰证券,14:53:02,17.88,43300,17.86,买盘
10,601688,华泰证券,14:52:56,17.86,75866,17.88,卖盘
11,601688,华泰证券,14:51:26,17.87,49900,17.87,卖盘
12,601688,华泰证券,14:50:29,17.86,100000,17.88,卖盘
13,601688,华泰证券,14:49:56,17.88,55100,17.91,卖盘
14,601688,华泰证券,14:48:59,17.91,50200,17.91,卖盘
15,601688,华泰证券,14:48:11,17.89,55000,17.92,卖盘
16,601688,华泰证券,14:46:28,17.92,43900,17.92,买盘
17,601688,华泰证券,14:43:25,17.89,112600,17.9,卖盘
18,601688,华泰证券,14:41:52,17.9,100000,17.93,卖盘
19,601688,华泰证券,14:40:22,17.93,56600,17.93,卖盘
20,601688,华泰证券,14:39:48,17.94,42200,17.94,买盘
21,601688,华泰证券,14:39:10,17.92,83600,17.91,买盘
22,601688,华泰证券,14:38:54,17.91,64800,17.9,买盘
23,601688,华泰证券,14:38:45,17.89,41700,17.9,卖盘
24,601688,华泰证券,14:38:39,17.9,80000,17.9,买盘
25,601688,华泰证券,14:38:06,17.88,85600,17.89,卖盘
26,601688,华泰证券,14:37:57,17.89,40000,17.89,买盘
27,601688,华泰证券,14:37:48,17.9,69900,17.89,买盘
28,601688,华泰证券,14:37:42,17.88,115600,17.89,卖盘
29,601688,华泰证券,14:37:36,17.89,40000,17.88,买盘
30,601688,华泰证券,14:36:51,17.87,40000,17.86,买盘
31,601688,华泰证券,14:36:36,17.86,40000,17.84,买盘
32,601688,华泰证券,14:36:21,17.84,45900,17.86,卖盘
33,601688,华泰证券,14:36:18,17.86,41500,17.84,买盘
34,601688,华泰证券,14:35:51,17.85,261476,17.87,卖盘
35,601688,华泰证券,14:29:16,17.87,81900,17.88,卖盘
36,601688,华泰证券,14:28:19,17.88,100000,17.89,卖盘
37,601688,华泰证券,14:25:28,17.91,70800,17.92,买盘
38,601688,华泰证券,14:21:55,17.95,50200,17.94,买盘
39,601688,华泰证券,14:20:55,17.92,100000,17.94,卖盘
40,601688,华泰证券,14:20:07,17.96,120300,17.95,买盘
41,601688,华泰证券,14:20:04,17.95,95900,17.95,卖盘
42,601688,华泰证券,14:19:58,17.95,100500,17.95,卖盘
43,601688,华泰证券,14:19:34,17.94,41200,17.96,卖盘
44,601688,华泰证券,14:19:16,17.95,85000,17.94,买盘
45,601688,华泰证券,14:18:55,17.94,80000,17.93,买盘
46,601688,华泰证券,14:18:25,17.91,120100,17.91,卖盘
47,601688,华泰证券,14:18:09,17.92,78800,17.92,卖盘
48,601688,华泰证券,14:18:03,17.92,40000,17.92,买盘
49,601688,华泰证券,14:17:54,17.9,100000,17.92,卖盘
50,601688,华泰证券,14:17:36,17.91,59300,17.9,买盘
51,601688,华泰证券,14:17:15,17.89,43000,17.89,卖盘
52,601688,华泰证券,14:17:03,17.88,100000,17.89,卖盘
53,601688,华泰证券,14:12:27,17.94,81700,17.92,买盘
54,601688,华泰证券,14:12:24,17.92,45400,17.92,卖盘
55,601688,华泰证券,14:12:12,17.94,174000,17.93,买盘
56,601688,华泰证券,14:12:09,17.93,60900,17.92,买盘
57,601688,华泰证券,14:12:06,17.92,40500,17.92,买盘
58,601688,华泰证券,14:12:03,17.92,43300,17.93,卖盘
59,601688,华泰证券,14:11:51,17.92,40000,17.91,买盘
60,601688,华泰证券,14:11:19,17.91,51500,17.9,卖盘
61,601688,华泰证券,14:11:01,17.9,42000,17.9,买盘
62,601688,华泰证券,14:10:55,17.9,80000,17.89,买盘
63,601688,华泰证券,14:10:46,17.89,100000,17.95,卖盘
64,601688,华泰证券,14:10:34,17.95,66553,17.94,买盘
65,601688,华泰证券,14:10:22,17.91,138095,17.94,卖盘
66,601688,华泰证券,14:10:16,17.94,80000,17.92,买盘
67,601688,华泰证券,14:10:10,17.92,40000,17.93,买盘
68,601688,华泰证券,14:09:49,17.91,61905,17.9,买盘
69,601688,华泰证券,14:09:43,17.9,41500,17.9,买盘
70,601688,华泰证券,14:09:28,17.95,120000,17.91,买盘
71,601688,华泰证券,14:09:22,17.9,100000,17.91,卖盘
72,601688,华泰证券,14:09:13,17.94,80000,17.93,买盘
73,601688,华泰证券,14:09:10,17.93,40300,17.91,买盘
74,601688,华泰证券,14:08:55,17.93,121700,17.91,买盘
75,601688,华泰证券,14:08:40,17.92,40000,17.91,买盘
76,601688,华泰证券,14:08:10,17.92,40000,17.91,买盘
77,601688,华泰证券,14:07:40,17.92,40100,17.91,买盘
78,601688,华泰证券,14:07:22,17.92,41000,17.92,买盘
79,601688,华泰证券,14:07:07,17.94,40000,17.93,买盘
80,601688,华泰证券,14:06:16,17.91,40500,17.89,买盘
81,601688,华泰证券,14:05:58,17.9,95100,17.91,卖盘
82,601688,华泰证券,14:05:22,17.91,136500,17.93,卖盘
83,601688,华泰证券,14:02:55,17.93,57700,17.93,卖盘
84,601688,华泰证券,14:02:19,17.93,40000,17.94,卖盘
85,601688,华泰证券,14:01:10,17.96,49000,17.96,卖盘
86,601688,华泰证券,14:00:28,17.94,40700,17.96,卖盘
87,601688,华泰证券,13:57:28,17.96,128900,17.97,卖盘
88,601688,华泰证券,13:56:39,17.96,40000,17.97,卖盘
89,601688,华泰证券,13:53:33,17.96,42000,17.98,卖盘
90,601688,华泰证券,13:52:33,17.98,90000,17.97,买盘
91,601688,华泰证券,13:52:12,17.98,81400,17.98,买盘
92,601688,华泰证券,13:51:54,17.98,40800,17.97,买盘
93,601688,华泰证券,13:50:57,17.95,97400,17.94,买盘
94,601688,华泰证券,13:50:04,17.93,45000,17.91,买盘
95,601688,华泰证券,13:49:55,17.91,60000,17.9,买盘
96,601688,华泰证券,13:49:34,17.89,90000,17.89,卖盘
97,601688,华泰证券,13:45:10,17.86,150100,17.89,卖盘
98,601688,华泰证券,13:39:07,17.94,50000,17.93,买盘
99,601688,华泰证券,13:38:28,17.89,40500,17.9,卖盘
100,601688,华泰证券,13:38:22,17.9,40000,17.9,买盘
101,601688,华泰证券,13:38:16,17.9,120000,17.89,买盘
102,601688,华泰证券,13:38:10,17.9,55000,17.89,买盘
103,601688,华泰证券,13:37:55,17.89,80000,17.87,买盘
104,601688,华泰证券,13:37:37,17.88,74920,17.86,买盘
105,601688,华泰证券,13:37:28,17.88,82200,17.86,买盘
106,601688,华泰证券,13:37:19,17.86,44300,17.87,卖盘
107,601688,华泰证券,13:37:16,17.87,80500,17.86,买盘
108,601688,华泰证券,13:37:13,17.86,46000,17.87,卖盘
109,601688,华泰证券,13:37:10,17.87,40000,17.86,买盘
110,601688,华泰证券,13:36:58,17.87,80500,17.86,买盘
111,601688,华泰证券,13:36:55,17.86,85000,17.87,卖盘
112,601688,华泰证券,13:36:46,17.87,40000,17.87,买盘
113,601688,华泰证券,13:36:43,17.87,40000,17.87,买盘
114,601688,华泰证券,13:36:31,17.87,40000,17.86,买盘
115,601688,华泰证券,13:35:52,17.83,41000,17.84,卖盘
116,601688,华泰证券,13:35:46,17.84,40000,17.83,买盘
117,601688,华泰证券,13:35:31,17.83,40000,17.82,买盘
118,601688,华泰证券,13:31:00,17.83,53400,17.82,买盘
119,601688,华泰证券,13:26:04,17.82,434900,17.84,卖盘
120,601688,华泰证券,13:25:16,17.84,40000,17.84,卖盘
121,601688,华泰证券,13:15:25,17.86,40000,17.87,卖盘
122,601688,华泰证券,13:13:24,17.83,41000,17.83,卖盘
123,601688,华泰证券,13:13:22,17.83,40100,17.83,卖盘
124,601688,华泰证券,13:03:01,17.85,185300,17.86,卖盘
125,601688,华泰证券,13:00:04,17.85,41900,17.84,买盘
126,601688,华泰证券,11:23:16,17.89,80000,17.89,买盘
127,601688,华泰证券,11:23:13,17.89,40000,17.88,买盘
128,601688,华泰证券,11:22:58,17.89,140000,17.88,买盘
129,601688,华泰证券,11:22:49,17.88,40000,17.88,买盘
130,601688,华泰证券,11:22:31,17.87,104300,17.86,买盘
131,601688,华泰证券,11:22:16,17.86,84200,17.87,卖盘
132,601688,华泰证券,11:21:55,17.86,60000,17.87,卖盘
133,601688,华泰证券,11:21:40,17.87,40000,17.86,买盘
134,601688,华泰证券,11:21:16,17.85,40000,17.85,买盘
135,601688,华泰证券,11:21:04,17.85,40000,17.85,买盘
136,601688,华泰证券,11:21:01,17.85,40000,17.82,买盘
137,601688,华泰证券,11:20:55,17.82,99100,17.82,卖盘
138,601688,华泰证券,11:20:49,17.85,40000,17.82,买盘
139,601688,华泰证券,11:20:34,17.84,40000,17.81,买盘
140,601688,华泰证券,11:17:46,17.82,80000,17.83,卖盘
141,601688,华泰证券,11:17:37,17.83,71200,17.83,卖盘
142,601688,华泰证券,11:14:18,17.84,70000,17.84,卖盘
143,601688,华泰证券,11:13:03,17.84,50000,17.84,卖盘
144,601688,华泰证券,11:12:57,17.84,50000,17.85,卖盘
145,601688,华泰证券,11:12:51,17.85,80300,17.85,卖盘
146,601688,华泰证券,11:12:48,17.85,74000,17.86,卖盘
147,601688,华泰证券,11:11:12,17.86,41000,17.87,卖盘
148,601688,华泰证券,11:11:00,17.87,101800,17.85,买盘
149,601688,华泰证券,11:10:44,17.87,80000,17.85,买盘
150,601688,华泰证券,11:10:17,17.86,100000,17.84,买盘
151,601688,华泰证券,11:09:23,17.82,40200,17.82,卖盘
152,601688,华泰证券,11:09:08,17.82,81000,17.81,买盘
153,601688,华泰证券,11:08:50,17.82,48000,17.81,买盘
154,601688,华泰证券,11:00:12,17.81,47306,17.78,买盘
155,601688,华泰证券,10:59:57,17.8,80000,17.79,买盘
156,601688,华泰证券,10:59:49,17.79,40900,17.79,买盘
157,601688,华泰证券,10:59:22,17.76,95500,17.74,买盘
158,601688,华泰证券,10:59:06,17.75,40000,17.75,买盘
159,601688,华泰证券,10:58:19,17.73,93200,17.74,卖盘
160,601688,华泰证券,10:51:42,17.76,79100,17.77,卖盘
161,601688,华泰证券,10:48:23,17.78,53000,17.78,卖盘
162,601688,华泰证券,10:48:11,17.79,46200,17.8,卖盘
163,601688,华泰证券,10:46:29,17.8,44600,17.8,卖盘
164,601688,华泰证券,10:40:37,17.82,41100,17.82,卖盘
165,601688,华泰证券,10:38:27,17.82,47400,17.82,买盘
166,601688,华泰证券,10:36:39,17.75,43200,17.76,卖盘
167,601688,华泰证券,10:36:19,17.76,131400,17.77,卖盘
168,601688,华泰证券,10:34:45,17.74,49600,17.76,卖盘
169,601688,华泰证券,10:34:24,17.76,50500,17.76,卖盘
170,601688,华泰证券,10:33:33,17.75,246300,17.77,卖盘
171,601688,华泰证券,10:33:06,17.76,50500,17.78,卖盘
172,601688,华泰证券,10:28:15,17.78,51200,17.77,买盘
173,601688,华泰证券,10:27:24,17.77,53600,17.76,买盘
174,601688,华泰证券,10:25:57,17.78,59000,17.78,卖盘
175,601688,华泰证券,10:25:32,17.79,57600,17.78,买盘
176,601688,华泰证券,10:24:05,17.78,50400,17.79,卖盘
177,601688,华泰证券,10:23:59,17.78,101000,17.79,卖盘
178,601688,华泰证券,10:23:41,17.8,452900,17.82,卖盘
179,601688,华泰证券,10:23:05,17.82,60000,17.83,卖盘
180,601688,华泰证券,10:22:56,17.83,63200,17.83,卖盘
181,601688,华泰证券,10:22:32,17.84,76500,17.84,卖盘
182,601688,华泰证券,10:18:48,17.83,50000,17.83,卖盘
183,601688,华泰证券,10:12:54,17.83,149900,17.82,买盘
184,601688,华泰证券,10:10:03,17.82,50000,17.83,卖盘
185,601688,华泰证券,10:08:09,17.84,55500,17.84,买盘
186,601688,华泰证券,10:06:57,17.82,50000,17.83,卖盘
187,601688,华泰证券,10:04:57,17.82,55000,17.83,卖盘
188,601688,华泰证券,10:03:26,17.83,50000,17.83,卖盘
189,601688,华泰证券,10:00:02,17.83,50000,17.84,卖盘
190,601688,华泰证券,09:55:39,17.82,52000,17.82,买盘
191,601688,华泰证券,09:55:33,17.82,44400,17.83,卖盘
192,601688,华泰证券,09:55:00,17.81,42200,17.83,卖盘
193,601688,华泰证券,09:54:09,17.81,52200,17.82,卖盘
194,601688,华泰证券,09:53:45,17.81,48400,17.81,卖盘
195,601688,华泰证券,09:52:12,17.82,56000,17.83,卖盘
196,601688,华泰证券,09:50:06,17.84,62653,17.84,卖盘
197,601688,华泰证券,09:48:15,17.85,47900,17.85,卖盘
198,601688,华泰证券,09:47:09,17.87,50000,17.87,卖盘
199,601688,华泰证券,09:47:03,17.87,49500,17.87,买盘
200,601688,华泰证券,09:46:21,17.87,91000,17.88,卖盘
201,601688,华泰证券,09:45:48,17.86,312600,17.86,卖盘
202,601688,华泰证券,09:44:54,17.86,40900,17.85,买盘
203,601688,华泰证券,09:43:42,17.86,44600,17.86,卖盘
204,601688,华泰证券,09:42:33,17.86,52800,17.87,卖盘
205,601688,华泰证券,09:41:02,17.87,45000,17.87,买盘
206,601688,华泰证券,09:37:06,17.88,163000,17.87,买盘
207,601688,华泰证券,09:36:00,17.9,71200,17.91,卖盘
208,601688,华泰证券,09:35:24,17.91,42600,17.91,卖盘
209,601688,华泰证券,09:25:01,17.91,58272,0.0,买盘
