,code,name,time,price,volume,preprice,type
0,002872,天圣制药,15:00:03,47.97,394049,47.92,买盘
1,002872,天圣制药,14:00:06,51.63,44600,51.6,买盘
2,002872,天圣制药,13:58:30,50.0,87000,50.0,买盘
3,002872,天圣制药,13:58:27,50.0,92100,50.0,买盘
4,002872,天圣制药,13:20:18,49.53,72100,49.33,买盘
5,002872,天圣制药,13:19:45,49.11,69400,49.1,买盘
6,002872,天圣制药,13:18:57,48.72,43900,48.66,买盘
7,002872,天圣制药,13:18:45,48.66,40657,48.58,买盘
8,002872,天圣制药,13:18:42,48.58,43600,48.52,买盘
9,002872,天圣制药,13:18:39,48.52,42803,48.6,卖盘
10,002872,天圣制药,13:17:48,48.0,48502,47.99,买盘
11,002872,天圣制药,13:16:51,47.6,40000,47.6,买盘
12,002872,天圣制药,13:16:42,47.6,41500,47.53,买盘
13,002872,天圣制药,13:16:36,47.51,49788,47.5,买盘
14,002872,天圣制药,13:15:06,46.98,70600,46.99,中性盘
15,002872,天圣制药,13:00:03,46.54,74868,46.5,买盘
16,002872,天圣制药,10:48:51,45.49,122897,45.54,卖盘
17,002872,天圣制药,10:38:48,45.6,75542,45.64,卖盘
18,002872,天圣制药,10:25:15,46.22,47236,46.22,买盘
19,002872,天圣制药,10:16:39,45.64,40944,45.78,卖盘
20,002872,天圣制药,10:16:24,45.8,50595,45.87,卖盘
21,002872,天圣制药,10:12:09,46.1,49100,46.1,买盘
22,002872,天圣制药,09:44:18,45.96,48300,45.75,买盘
23,002872,天圣制药,09:42:24,45.51,44973,45.5,买盘
24,002872,天圣制药,09:41:48,45.9,69937,46.0,卖盘
25,002872,天圣制药,09:40:03,46.35,54134,46.35,卖盘
26,002872,天圣制药,09:39:18,46.2,53600,46.2,买盘
27,002872,天圣制药,09:39:06,46.18,63465,46.12,买盘
28,002872,天圣制药,09:37:45,46.59,48234,46.59,卖盘
29,002872,天圣制药,09:36:36,47.35,40100,47.23,买盘
30,002872,天圣制药,09:34:42,47.2,47700,47.3,中性盘
31,002872,天圣制药,09:34:27,47.3,58249,47.48,卖盘
32,002872,天圣制药,09:34:21,47.49,81900,47.5,卖盘
33,002872,天圣制药,09:34:15,47.4,61517,47.49,卖盘
34,002872,天圣制药,09:34:12,47.49,41483,47.48,买盘
35,002872,天圣制药,09:34:03,47.42,49700,47.49,卖盘
36,002872,天圣制药,09:33:57,47.4,56342,47.4,买盘
37,002872,天圣制药,09:33:54,47.4,75500,47.48,卖盘
38,002872,天圣制药,09:33:48,47.39,40351,47.39,买盘
39,002872,天圣制药,09:33:45,47.39,46500,47.35,买盘
40,002872,天圣制药,09:33:39,47.38,43500,47.29,买盘
41,002872,天圣制药,09:33:12,47.12,42500,47.0,买盘
42,002872,天圣制药,09:33:09,47.0,51771,47.0,买盘
43,002872,天圣制药,09:33:06,47.0,44300,47.0,买盘
44,002872,天圣制药,09:33:00,47.0,82668,46.87,买盘
45,002872,天圣制药,09:32:45,46.79,49900,46.79,买盘
46,002872,天圣制药,09:32:30,46.57,142600,46.53,中性盘
47,002872,天圣制药,09:31:33,45.53,41840,45.68,卖盘
48,002872,天圣制药,09:30:06,46.6,110834,46.66,卖盘
49,002872,天圣制药,09:30:03,46.66,277272,46.7,买盘
50,002872,天圣制药,09:30:00,46.7,85600,46.8,卖盘
51,002872,天圣制药,09:25:03,46.8,448700,0.0,卖盘
