,code,name,time,price,volume,preprice,type
0,601669,中国电建,14:59:43,7.93,165000,7.91,买盘
1,601669,中国电建,14:59:31,7.91,95300,7.92,卖盘
2,601669,中国电建,14:59:28,7.92,57200,7.92,买盘
3,601669,中国电建,14:59:25,7.92,124400,7.91,买盘
4,601669,中国电建,14:58:46,7.92,55000,7.92,买盘
5,601669,中国电建,14:58:43,7.92,110000,7.91,买盘
6,601669,中国电建,14:58:27,7.92,57600,7.91,买盘
7,601669,中国电建,14:58:15,7.91,40100,7.91,买盘
8,601669,中国电建,14:58:06,7.91,106600,7.92,卖盘
9,601669,中国电建,14:57:18,7.91,233200,7.92,卖盘
10,601669,中国电建,14:56:51,7.93,55000,7.92,买盘
11,601669,中国电建,14:56:36,7.92,56941,7.92,买盘
12,601669,中国电建,14:53:54,7.92,131700,7.92,卖盘
13,601669,中国电建,14:47:53,7.92,347700,7.93,卖盘
14,601669,中国电建,14:47:38,7.93,64000,7.93,买盘
15,601669,中国电建,14:42:10,7.93,231559,7.94,卖盘
16,601669,中国电建,14:39:49,7.96,110000,7.94,买盘
17,601669,中国电建,14:39:31,7.96,110000,7.95,买盘
18,601669,中国电建,14:39:22,7.93,63300,7.95,卖盘
19,601669,中国电建,14:39:13,7.96,110000,7.95,买盘
20,601669,中国电建,14:39:03,7.95,55000,7.95,买盘
21,601669,中国电建,14:38:54,7.95,110500,7.93,买盘
22,601669,中国电建,14:38:48,7.94,56437,7.94,卖盘
23,601669,中国电建,14:38:39,7.94,89063,7.93,买盘
24,601669,中国电建,14:38:21,7.93,120200,7.92,买盘
25,601669,中国电建,14:38:06,7.92,121500,7.92,卖盘
26,601669,中国电建,14:37:18,7.9,111700,7.9,卖盘
27,601669,中国电建,14:37:00,7.92,111000,7.91,买盘
28,601669,中国电建,14:36:57,7.91,161600,7.92,卖盘
29,601669,中国电建,14:36:48,7.92,139959,7.92,卖盘
30,601669,中国电建,14:32:54,7.93,98800,7.93,卖盘
31,601669,中国电建,14:32:38,7.94,42037,7.94,卖盘
32,601669,中国电建,14:23:28,7.96,76600,7.97,卖盘
33,601669,中国电建,14:20:10,7.97,110000,7.96,买盘
34,601669,中国电建,14:19:40,7.95,112600,7.95,卖盘
35,601669,中国电建,14:19:31,7.95,160300,7.95,买盘
36,601669,中国电建,14:19:22,7.94,55300,7.95,卖盘
37,601669,中国电建,14:19:16,7.95,110000,7.94,买盘
38,601669,中国电建,14:19:01,7.95,55000,7.94,买盘
39,601669,中国电建,14:18:58,7.94,150000,7.94,卖盘
40,601669,中国电建,14:18:43,7.95,60000,7.95,买盘
41,601669,中国电建,14:18:40,7.95,110100,7.95,买盘
42,601669,中国电建,14:18:22,7.95,165500,7.95,买盘
43,601669,中国电建,14:18:07,7.96,87400,7.95,买盘
44,601669,中国电建,14:18:04,7.95,145600,7.96,卖盘
45,601669,中国电建,14:17:52,7.95,111400,7.95,卖盘
46,601669,中国电建,14:17:30,7.96,55000,7.94,买盘
47,601669,中国电建,14:17:15,7.95,110000,7.95,买盘
48,601669,中国电建,14:17:12,7.95,55000,7.95,买盘
49,601669,中国电建,14:16:18,7.95,108700,7.95,卖盘
50,601669,中国电建,14:16:12,7.95,40100,7.95,卖盘
51,601669,中国电建,14:12:27,7.97,115000,7.96,买盘
52,601669,中国电建,14:12:24,7.96,55200,7.96,买盘
53,601669,中国电建,14:12:09,7.96,110000,7.95,买盘
54,601669,中国电建,14:12:06,7.95,56000,7.95,卖盘
55,601669,中国电建,14:11:36,7.95,66600,7.94,买盘
56,601669,中国电建,14:11:18,7.94,165100,7.94,卖盘
57,601669,中国电建,14:11:01,7.95,55000,7.94,买盘
58,601669,中国电建,14:10:55,7.95,110000,7.95,买盘
59,601669,中国电建,14:10:46,7.95,55000,7.95,买盘
60,601669,中国电建,14:10:34,7.94,112700,7.94,卖盘
61,601669,中国电建,14:10:04,7.94,113000,7.94,卖盘
62,601669,中国电建,14:09:28,7.93,110900,7.94,卖盘
63,601669,中国电建,14:09:13,7.94,110000,7.93,买盘
64,601669,中国电建,14:09:01,7.93,179600,7.94,卖盘
65,601669,中国电建,14:08:55,7.94,110000,7.93,买盘
66,601669,中国电建,14:07:55,7.94,44400,7.95,卖盘
67,601669,中国电建,14:00:49,7.95,54500,7.94,买盘
68,601669,中国电建,14:00:34,7.95,46100,7.95,买盘
69,601669,中国电建,13:57:04,7.94,150000,7.95,卖盘
70,601669,中国电建,13:56:24,7.95,40000,7.95,买盘
71,601669,中国电建,13:53:45,7.94,241800,7.95,卖盘
72,601669,中国电建,13:52:51,7.96,91800,7.96,买盘
73,601669,中国电建,13:52:36,7.96,85000,7.95,买盘
74,601669,中国电建,13:52:30,7.96,110000,7.95,买盘
75,601669,中国电建,13:52:18,7.96,72300,7.95,买盘
76,601669,中国电建,13:51:54,7.96,110000,7.94,买盘
77,601669,中国电建,13:51:33,7.95,110000,7.94,买盘
78,601669,中国电建,13:51:15,7.94,122500,7.94,买盘
79,601669,中国电建,13:51:00,7.94,110400,7.94,买盘
80,601669,中国电建,13:50:38,7.95,113000,7.94,买盘
81,601669,中国电建,13:50:15,7.95,110000,7.94,买盘
82,601669,中国电建,13:49:55,7.94,116300,7.94,卖盘
83,601669,中国电建,13:49:37,7.95,110000,7.94,买盘
84,601669,中国电建,13:49:19,7.94,105600,7.93,买盘
85,601669,中国电建,13:48:58,7.94,110000,7.93,买盘
86,601669,中国电建,13:41:46,7.94,50000,7.94,买盘
87,601669,中国电建,13:40:25,7.94,44900,7.95,卖盘
88,601669,中国电建,13:37:52,7.94,110100,7.92,买盘
89,601669,中国电建,13:37:37,7.93,111500,7.93,买盘
90,601669,中国电建,13:37:22,7.92,103200,7.94,卖盘
91,601669,中国电建,13:37:16,7.94,110000,7.93,买盘
92,601669,中国电建,13:36:31,7.93,110000,7.93,买盘
93,601669,中国电建,13:36:28,7.93,55000,7.92,买盘
94,601669,中国电建,13:36:10,7.92,106100,7.92,买盘
95,601669,中国电建,13:36:01,7.91,65300,7.91,卖盘
96,601669,中国电建,13:35:46,7.91,54400,7.9,买盘
97,601669,中国电建,13:35:43,7.9,47500,7.9,卖盘
98,601669,中国电建,13:35:34,7.9,56500,7.9,卖盘
99,601669,中国电建,13:23:55,7.92,42600,7.92,买盘
100,601669,中国电建,13:14:19,7.93,82741,7.93,买盘
101,601669,中国电建,13:14:16,7.93,55000,7.91,买盘
102,601669,中国电建,13:14:01,7.93,55000,7.92,买盘
103,601669,中国电建,13:13:55,7.92,112841,7.91,买盘
104,601669,中国电建,13:13:28,7.9,98800,7.9,卖盘
105,601669,中国电建,11:23:25,7.94,48000,7.94,买盘
106,601669,中国电建,11:23:16,7.94,110000,7.93,买盘
107,601669,中国电建,11:23:10,7.93,47300,7.93,买盘
108,601669,中国电建,11:22:55,7.92,113400,7.93,卖盘
109,601669,中国电建,11:22:31,7.92,111700,7.93,卖盘
110,601669,中国电建,11:22:07,7.93,42700,7.93,卖盘
111,601669,中国电建,11:21:34,7.93,103400,7.93,买盘
112,601669,中国电建,11:21:16,7.92,167500,7.92,卖盘
113,601669,中国电建,11:20:55,7.92,65900,7.92,买盘
114,601669,中国电建,11:20:52,7.92,50000,7.91,买盘
115,601669,中国电建,11:20:36,7.91,66241,7.91,买盘
116,601669,中国电建,11:20:34,7.91,55000,7.89,买盘
117,601669,中国电建,11:10:44,7.93,114000,7.92,买盘
118,601669,中国电建,11:10:26,7.92,40700,7.92,买盘
119,601669,中国电建,11:10:11,7.91,197200,7.92,卖盘
120,601669,中国电建,11:09:53,7.91,76600,7.9,买盘
121,601669,中国电建,11:09:41,7.9,55100,7.9,卖盘
122,601669,中国电建,11:09:32,7.9,113000,7.9,卖盘
123,601669,中国电建,11:09:26,7.9,43500,7.88,买盘
124,601669,中国电建,11:09:11,7.9,110500,7.89,买盘
125,601669,中国电建,11:09:08,7.89,55000,7.88,买盘
126,601669,中国电建,11:07:56,7.88,50400,7.89,卖盘
127,601669,中国电建,11:05:19,7.9,81200,7.9,买盘
128,601669,中国电建,11:04:10,7.9,100100,7.89,买盘
129,601669,中国电建,11:02:42,7.87,233900,7.89,卖盘
130,601669,中国电建,11:01:13,7.9,100700,7.89,买盘
131,601669,中国电建,10:59:55,7.9,110000,7.89,买盘
132,601669,中国电建,10:59:37,7.89,110000,7.87,买盘
133,601669,中国电建,10:59:19,7.88,110000,7.86,买盘
134,601669,中国电建,10:58:58,7.87,110000,7.86,买盘
135,601669,中国电建,10:57:34,7.86,100000,7.86,卖盘
136,601669,中国电建,10:55:55,7.87,55300,7.87,卖盘
137,601669,中国电建,10:53:03,7.89,43900,7.89,买盘
138,601669,中国电建,10:52:15,7.88,87100,7.86,买盘
139,601669,中国电建,10:52:00,7.87,63500,7.86,买盘
140,601669,中国电建,10:51:57,7.86,129400,7.86,卖盘
141,601669,中国电建,10:51:48,7.86,58500,7.86,买盘
142,601669,中国电建,10:49:27,7.85,82500,7.85,买盘
143,601669,中国电建,10:47:44,7.83,100000,7.85,卖盘
144,601669,中国电建,10:46:32,7.84,56600,7.84,卖盘
145,601669,中国电建,10:45:56,7.84,90000,7.85,卖盘
146,601669,中国电建,10:43:44,7.85,41600,7.85,买盘
147,601669,中国电建,10:41:43,7.84,57800,7.84,卖盘
148,601669,中国电建,10:38:27,7.84,110100,7.84,卖盘
149,601669,中国电建,10:38:06,7.84,121500,7.83,买盘
150,601669,中国电建,10:37:36,7.83,110500,7.84,卖盘
151,601669,中国电建,10:37:15,7.83,50000,7.84,卖盘
152,601669,中国电建,10:32:03,7.83,122100,7.83,买盘
153,601669,中国电建,10:31:57,7.82,63300,7.82,卖盘
154,601669,中国电建,10:31:36,7.83,85200,7.83,卖盘
155,601669,中国电建,10:30:36,7.83,711700,7.84,卖盘
156,601669,中国电建,10:29:27,7.83,60000,7.83,卖盘
157,601669,中国电建,10:29:00,7.84,67300,7.84,买盘
158,601669,中国电建,10:28:39,7.84,52100,7.84,卖盘
159,601669,中国电建,10:28:24,7.84,126900,7.84,卖盘
160,601669,中国电建,10:28:18,7.84,111700,7.84,卖盘
161,601669,中国电建,10:28:15,7.84,79600,7.84,卖盘
162,601669,中国电建,10:28:06,7.84,114600,7.84,卖盘
163,601669,中国电建,10:27:24,7.84,50000,7.84,卖盘
164,601669,中国电建,10:25:57,7.85,62400,7.85,卖盘
165,601669,中国电建,10:25:47,7.85,200000,7.85,卖盘
166,601669,中国电建,10:25:29,7.85,64400,7.85,卖盘
167,601669,中国电建,10:25:23,7.85,69000,7.85,卖盘
168,601669,中国电建,10:25:14,7.85,53200,7.85,卖盘
169,601669,中国电建,10:23:20,7.85,101700,7.86,卖盘
170,601669,中国电建,10:23:05,7.86,100200,7.86,买盘
171,601669,中国电建,10:21:26,7.85,52000,7.85,卖盘
172,601669,中国电建,10:18:48,7.85,52300,7.86,卖盘
173,601669,中国电建,10:18:12,7.86,59000,7.86,买盘
174,601669,中国电建,10:13:45,7.85,46000,7.85,卖盘
175,601669,中国电建,10:10:24,7.85,132000,7.86,卖盘
176,601669,中国电建,10:03:54,7.86,40700,7.86,买盘
177,601669,中国电建,10:02:32,7.86,53400,7.85,买盘
178,601669,中国电建,09:59:17,7.85,65000,7.86,卖盘
179,601669,中国电建,09:57:39,7.85,62700,7.86,卖盘
180,601669,中国电建,09:57:27,7.85,219200,7.86,卖盘
181,601669,中国电建,09:57:15,7.85,140100,7.85,卖盘
182,601669,中国电建,09:57:12,7.85,264200,7.86,卖盘
183,601669,中国电建,09:57:00,7.85,54000,7.86,卖盘
184,601669,中国电建,09:56:57,7.86,44500,7.86,买盘
185,601669,中国电建,09:56:42,7.85,44000,7.86,卖盘
186,601669,中国电建,09:55:18,7.86,57500,7.87,卖盘
187,601669,中国电建,09:54:36,7.87,101000,7.87,买盘
188,601669,中国电建,09:53:42,7.86,60000,7.87,卖盘
189,601669,中国电建,09:53:06,7.86,51200,7.86,卖盘
190,601669,中国电建,09:51:48,7.87,55100,7.86,买盘
191,601669,中国电建,09:49:27,7.87,51800,7.86,买盘
192,601669,中国电建,09:49:12,7.86,40100,7.86,卖盘
193,601669,中国电建,09:48:57,7.87,57400,7.87,买盘
194,601669,中国电建,09:48:12,7.87,119600,7.87,卖盘
195,601669,中国电建,09:48:06,7.87,47500,7.88,卖盘
196,601669,中国电建,09:47:57,7.87,84300,7.87,卖盘
197,601669,中国电建,09:45:42,7.89,72000,7.88,买盘
198,601669,中国电建,09:39:29,7.87,91200,7.88,卖盘
199,601669,中国电建,09:38:50,7.87,51700,7.87,卖盘
200,601669,中国电建,09:38:29,7.87,55400,7.86,买盘
201,601669,中国电建,09:37:18,7.87,83400,7.87,卖盘
202,601669,中国电建,09:35:57,7.88,119300,7.89,卖盘
203,601669,中国电建,09:35:12,7.88,52900,7.89,卖盘
204,601669,中国电建,09:33:27,7.89,81200,7.89,卖盘
205,601669,中国电建,09:32:06,7.88,93000,7.89,卖盘
206,601669,中国电建,09:32:00,7.89,54000,7.89,买盘
207,601669,中国电建,09:31:30,7.89,40100,7.89,卖盘
208,601669,中国电建,09:31:15,7.91,52100,7.89,买盘
209,601669,中国电建,09:30:51,7.89,50300,7.9,卖盘
210,601669,中国电建,09:30:39,7.89,58000,7.9,卖盘
211,601669,中国电建,09:30:21,7.92,50000,7.92,买盘
212,601669,中国电建,09:30:03,7.91,91300,7.89,买盘
213,601669,中国电建,09:30:00,7.89,104000,7.9,卖盘
214,601669,中国电建,09:25:03,7.9,90500,0.0,买盘
