,code,name,time,price,volume,preprice,type
0,601808,中海油服,14:58:24,11.05,43500,11.06,卖盘
1,601808,中海油服,14:58:00,11.06,48400,11.06,买盘
2,601808,中海油服,14:57:09,11.05,50000,11.06,卖盘
3,601808,中海油服,14:22:10,11.06,52200,11.06,买盘
4,601808,中海油服,14:10:25,11.05,67900,11.05,买盘
5,601808,中海油服,14:07:52,11.05,44700,11.05,卖盘
6,601808,中海油服,14:06:52,11.06,45900,11.06,卖盘
7,601808,中海油服,14:06:31,11.06,89500,11.06,卖盘
8,601808,中海油服,14:04:46,11.07,100000,11.08,卖盘
9,601808,中海油服,13:58:25,11.08,80200,11.08,卖盘
10,601808,中海油服,13:45:49,11.09,44700,11.08,买盘
11,601808,中海油服,13:35:30,11.11,203900,11.08,买盘
12,601808,中海油服,13:28:31,11.09,54200,11.09,买盘
13,601808,中海油服,13:28:10,11.1,58000,11.09,买盘
14,601808,中海油服,13:27:07,11.09,102693,11.06,买盘
15,601808,中海油服,13:25:58,11.06,91000,11.07,卖盘
16,601808,中海油服,13:22:58,11.08,58000,11.09,卖盘
17,601808,中海油服,13:21:22,11.09,52400,11.08,买盘
18,601808,中海油服,13:18:25,11.09,49000,11.07,买盘
19,601808,中海油服,13:17:46,11.09,40800,11.08,买盘
20,601808,中海油服,13:16:13,11.08,48200,11.08,买盘
21,601808,中海油服,13:15:10,11.08,77100,11.06,买盘
22,601808,中海油服,13:11:48,11.09,59000,11.08,买盘
23,601808,中海油服,13:11:36,11.09,41200,11.08,买盘
24,601808,中海油服,13:11:18,11.09,50500,11.09,买盘
25,601808,中海油服,13:10:54,11.08,106800,11.07,买盘
26,601808,中海油服,13:10:12,11.06,100300,11.06,买盘
27,601808,中海油服,13:10:09,11.06,115200,11.05,买盘
28,601808,中海油服,13:00:04,11.05,40700,11.05,买盘
29,601808,中海油服,13:00:01,11.05,44800,11.05,买盘
30,601808,中海油服,11:16:06,11.03,91900,11.05,卖盘
31,601808,中海油服,11:07:44,11.04,55300,11.05,卖盘
32,601808,中海油服,11:06:16,11.05,103100,11.05,买盘
33,601808,中海油服,11:05:24,11.04,47200,11.03,买盘
34,601808,中海油服,11:04:33,11.06,41800,11.05,买盘
35,601808,中海油服,11:04:31,11.05,60400,11.05,卖盘
36,601808,中海油服,11:03:43,11.07,53400,11.07,买盘
37,601808,中海油服,11:03:07,11.05,60300,11.04,买盘
38,601808,中海油服,11:02:37,11.04,300000,11.01,买盘
39,601808,中海油服,11:00:37,10.99,44000,11.0,卖盘
40,601808,中海油服,11:00:12,10.99,45600,11.0,卖盘
41,601808,中海油服,10:59:31,10.98,105000,10.95,买盘
42,601808,中海油服,10:59:04,10.96,200000,10.95,买盘
43,601808,中海油服,10:58:43,10.94,181829,10.92,买盘
44,601808,中海油服,10:58:27,10.93,80000,10.91,买盘
45,601808,中海油服,10:57:03,10.92,53300,10.91,买盘
46,601808,中海油服,10:10:09,10.93,70300,10.93,买盘
47,601808,中海油服,10:02:56,10.95,50600,10.94,买盘
48,601808,中海油服,10:02:50,10.94,46800,10.95,卖盘
49,601808,中海油服,10:00:47,10.92,40700,10.91,买盘
50,601808,中海油服,09:59:53,10.91,49600,10.91,买盘
51,601808,中海油服,09:57:42,10.88,60900,10.88,买盘
52,601808,中海油服,09:56:54,10.88,58000,10.86,买盘
53,601808,中海油服,09:51:30,10.84,70728,10.85,卖盘
54,601808,中海油服,09:43:23,10.87,95500,10.85,买盘
55,601808,中海油服,09:38:03,10.85,98372,10.84,买盘
56,601808,中海油服,09:32:48,10.82,51000,10.83,卖盘
57,601808,中海油服,09:32:24,10.83,62300,10.85,卖盘
