,code,name,time,price,volume,preprice,type
0,601899,紫金矿业,14:59:51,3.42,41500,3.43,卖盘
1,601899,紫金矿业,14:59:42,3.42,294400,3.42,卖盘
2,601899,紫金矿业,14:59:36,3.42,40100,3.43,卖盘
3,601899,紫金矿业,14:59:24,3.43,241200,3.42,买盘
4,601899,紫金矿业,14:59:21,3.42,154000,3.43,卖盘
5,601899,紫金矿业,14:59:15,3.42,71100,3.43,卖盘
6,601899,紫金矿业,14:59:03,3.42,241700,3.43,卖盘
7,601899,紫金矿业,14:59:00,3.43,131900,3.43,买盘
8,601899,紫金矿业,14:58:42,3.43,257000,3.43,买盘
9,601899,紫金矿业,14:57:42,3.43,65700,3.42,买盘
10,601899,紫金矿业,14:57:18,3.42,78500,3.43,卖盘
11,601899,紫金矿业,14:57:06,3.42,43100,3.42,卖盘
12,601899,紫金矿业,14:56:12,3.43,79900,3.43,买盘
13,601899,紫金矿业,14:54:06,3.42,56200,3.43,卖盘
14,601899,紫金矿业,14:53:48,3.43,47200,3.43,卖盘
15,601899,紫金矿业,14:53:45,3.43,129453,3.43,买盘
16,601899,紫金矿业,14:53:38,3.43,118647,3.43,卖盘
17,601899,紫金矿业,14:53:17,3.43,507653,3.43,买盘
18,601899,紫金矿业,14:53:05,3.42,1001400,3.42,卖盘
19,601899,紫金矿业,14:52:44,3.42,1368500,3.42,卖盘
20,601899,紫金矿业,14:52:35,3.42,42200,3.42,卖盘
21,601899,紫金矿业,14:52:19,3.42,72000,3.43,卖盘
22,601899,紫金矿业,14:52:07,3.43,319200,3.42,买盘
23,601899,紫金矿业,14:51:50,3.42,60000,3.43,卖盘
24,601899,紫金矿业,14:51:38,3.42,51300,3.43,卖盘
25,601899,紫金矿业,14:51:14,3.42,41900,3.42,卖盘
26,601899,紫金矿业,14:51:07,3.43,703900,3.42,买盘
27,601899,紫金矿业,14:50:34,3.43,1683800,3.42,买盘
28,601899,紫金矿业,14:50:26,3.42,43200,3.43,卖盘
29,601899,紫金矿业,14:50:23,3.43,61900,3.42,买盘
30,601899,紫金矿业,14:50:20,3.42,46500,3.42,卖盘
31,601899,紫金矿业,14:50:17,3.42,43300,3.43,卖盘
32,601899,紫金矿业,14:50:14,3.43,191400,3.42,买盘
33,601899,紫金矿业,14:49:47,3.42,69500,3.42,卖盘
34,601899,紫金矿业,14:49:38,3.43,68000,3.42,买盘
35,601899,紫金矿业,14:49:32,3.43,73600,3.42,买盘
36,601899,紫金矿业,14:49:17,3.42,56300,3.42,买盘
37,601899,紫金矿业,14:49:07,3.42,65100,3.42,买盘
38,601899,紫金矿业,14:48:44,3.43,400000,3.42,买盘
39,601899,紫金矿业,14:48:11,3.42,59303,3.41,买盘
40,601899,紫金矿业,14:48:07,3.41,41100,3.41,卖盘
41,601899,紫金矿业,14:48:01,3.42,50000,3.42,买盘
42,601899,紫金矿业,14:47:01,3.42,78397,3.42,卖盘
43,601899,紫金矿业,14:46:41,3.43,63300,3.42,买盘
44,601899,紫金矿业,14:46:02,3.42,49400,3.42,买盘
45,601899,紫金矿业,14:45:58,3.42,42300,3.41,买盘
46,601899,紫金矿业,14:45:37,3.42,84100,3.41,买盘
47,601899,紫金矿业,14:45:29,3.42,1595753,3.42,买盘
48,601899,紫金矿业,14:44:46,3.42,76100,3.42,买盘
49,601899,紫金矿业,14:44:02,3.42,94900,3.41,买盘
50,601899,紫金矿业,14:43:40,3.42,100600,3.42,买盘
51,601899,紫金矿业,14:43:32,3.42,103300,3.42,买盘
52,601899,紫金矿业,14:43:01,3.42,54100,3.41,买盘
53,601899,紫金矿业,14:41:52,3.42,43000,3.42,买盘
54,601899,紫金矿业,14:41:34,3.42,57100,3.41,买盘
55,601899,紫金矿业,14:40:25,3.41,55500,3.42,卖盘
56,601899,紫金矿业,14:40:22,3.42,40300,3.42,买盘
57,601899,紫金矿业,14:39:58,3.42,420600,3.41,买盘
58,601899,紫金矿业,14:39:48,3.42,250600,3.41,买盘
59,601899,紫金矿业,14:39:30,3.42,265200,3.42,买盘
60,601899,紫金矿业,14:39:24,3.42,44200,3.41,买盘
61,601899,紫金矿业,14:39:15,3.41,255100,3.42,卖盘
62,601899,紫金矿业,14:39:12,3.42,268200,3.42,买盘
63,601899,紫金矿业,14:39:00,3.42,175900,3.42,买盘
64,601899,紫金矿业,14:38:54,3.42,253700,3.42,买盘
65,601899,紫金矿业,14:38:39,3.42,248500,3.42,买盘
66,601899,紫金矿业,14:38:21,3.42,240200,3.41,买盘
67,601899,紫金矿业,14:38:18,3.41,61800,3.42,卖盘
68,601899,紫金矿业,14:38:06,3.42,243800,3.42,买盘
69,601899,紫金矿业,14:37:48,3.42,250000,3.41,买盘
70,601899,紫金矿业,14:37:33,3.41,253400,3.41,卖盘
71,601899,紫金矿业,14:37:18,3.42,240200,3.41,买盘
72,601899,紫金矿业,14:37:00,3.41,250100,3.42,卖盘
73,601899,紫金矿业,14:36:33,3.42,115400,3.41,买盘
74,601899,紫金矿业,14:35:57,3.41,41000,3.41,卖盘
75,601899,紫金矿业,14:34:33,3.41,43600,3.41,卖盘
76,601899,紫金矿业,14:34:03,3.41,713500,3.4,买盘
77,601899,紫金矿业,14:31:37,3.41,93800,3.41,买盘
78,601899,紫金矿业,14:31:04,3.4,96600,3.41,卖盘
79,601899,紫金矿业,14:30:46,3.41,109100,3.42,卖盘
80,601899,紫金矿业,14:30:31,3.41,65200,3.41,卖盘
81,601899,紫金矿业,14:30:22,3.42,176700,3.42,买盘
82,601899,紫金矿业,14:30:04,3.41,235800,3.42,卖盘
83,601899,紫金矿业,14:29:56,3.41,215800,3.42,卖盘
84,601899,紫金矿业,14:28:01,3.41,325500,3.42,卖盘
85,601899,紫金矿业,14:26:46,3.41,54000,3.41,卖盘
86,601899,紫金矿业,14:24:31,3.42,50400,3.41,买盘
87,601899,紫金矿业,14:21:58,3.42,94500,3.42,买盘
88,601899,紫金矿业,14:20:10,3.42,253200,3.41,买盘
89,601899,紫金矿业,14:19:52,3.42,242600,3.41,买盘
90,601899,紫金矿业,14:19:40,3.42,240000,3.42,买盘
91,601899,紫金矿业,14:19:16,3.42,242000,3.41,买盘
92,601899,紫金矿业,14:18:58,3.42,240200,3.42,买盘
93,601899,紫金矿业,14:18:40,3.42,256100,3.41,买盘
94,601899,紫金矿业,14:18:21,3.42,247200,3.41,买盘
95,601899,紫金矿业,14:18:06,3.42,240000,3.41,买盘
96,601899,紫金矿业,14:17:51,3.42,242200,3.41,买盘
97,601899,紫金矿业,14:17:33,3.41,49500,3.41,买盘
98,601899,紫金矿业,14:17:18,3.4,240300,3.4,卖盘
99,601899,紫金矿业,14:16:54,3.41,91848,3.41,买盘
100,601899,紫金矿业,14:16:24,3.41,55000,3.41,买盘
101,601899,紫金矿业,14:16:18,3.4,71800,3.41,卖盘
102,601899,紫金矿业,14:15:48,3.41,50000,3.41,买盘
103,601899,紫金矿业,14:15:42,3.41,67952,3.42,卖盘
104,601899,紫金矿业,14:15:39,3.42,97800,3.41,买盘
105,601899,紫金矿业,14:15:30,3.41,112200,3.41,卖盘
106,601899,紫金矿业,14:12:27,3.42,247700,3.42,买盘
107,601899,紫金矿业,14:12:09,3.42,268000,3.41,买盘
108,601899,紫金矿业,14:11:40,3.42,40100,3.41,买盘
109,601899,紫金矿业,14:11:34,3.41,242900,3.4,买盘
110,601899,紫金矿业,14:11:16,3.42,248300,3.4,买盘
111,601899,紫金矿业,14:10:55,3.42,243700,3.41,买盘
112,601899,紫金矿业,14:10:37,3.42,240900,3.41,买盘
113,601899,紫金矿业,14:10:34,3.41,301000,3.4,买盘
114,601899,紫金矿业,14:10:04,3.41,243900,3.41,买盘
115,601899,紫金矿业,14:10:01,3.41,50400,3.41,买盘
116,601899,紫金矿业,14:09:49,3.41,252700,3.41,买盘
117,601899,紫金矿业,14:09:28,3.4,244400,3.41,卖盘
118,601899,紫金矿业,14:09:13,3.41,240200,3.41,买盘
119,601899,紫金矿业,14:08:55,3.41,240000,3.4,买盘
120,601899,紫金矿业,14:06:31,3.41,252100,3.41,买盘
121,601899,紫金矿业,14:05:16,3.41,332499,3.41,卖盘
122,601899,紫金矿业,14:05:13,3.41,181600,3.41,卖盘
123,601899,紫金矿业,14:05:10,3.41,237700,3.41,卖盘
124,601899,紫金矿业,14:05:07,3.41,258200,3.41,卖盘
125,601899,紫金矿业,14:04:58,3.41,58400,3.42,卖盘
126,601899,紫金矿业,14:04:28,3.41,200800,3.42,卖盘
127,601899,紫金矿业,14:03:25,3.42,53100,3.41,买盘
128,601899,紫金矿业,14:02:28,3.42,60100,3.41,买盘
129,601899,紫金矿业,14:01:58,3.41,98500,3.42,卖盘
130,601899,紫金矿业,14:01:46,3.42,99100,3.42,买盘
131,601899,紫金矿业,14:00:25,3.42,54700,3.41,买盘
132,601899,紫金矿业,14:00:22,3.41,217200,3.42,卖盘
133,601899,紫金矿业,13:58:43,3.41,47300,3.41,卖盘
134,601899,紫金矿业,13:57:37,3.42,45300,3.42,买盘
135,601899,紫金矿业,13:56:18,3.42,50800,3.42,买盘
136,601899,紫金矿业,13:55:57,3.42,502900,3.42,买盘
137,601899,紫金矿业,13:54:51,3.41,168400,3.42,卖盘
138,601899,紫金矿业,13:54:06,3.42,47600,3.42,买盘
139,601899,紫金矿业,13:53:51,3.42,49000,3.41,买盘
140,601899,紫金矿业,13:52:48,3.42,637900,3.42,买盘
141,601899,紫金矿业,13:52:30,3.42,249700,3.42,买盘
142,601899,紫金矿业,13:52:12,3.41,305100,3.42,卖盘
143,601899,紫金矿业,13:51:54,3.42,273650,3.41,买盘
144,601899,紫金矿业,13:51:33,3.41,246500,3.41,买盘
145,601899,紫金矿业,13:51:30,3.41,58400,3.41,买盘
146,601899,紫金矿业,13:51:21,3.4,67900,3.41,卖盘
147,601899,紫金矿业,13:51:17,3.41,200000,3.41,买盘
148,601899,紫金矿业,13:51:14,3.41,767700,3.41,买盘
149,601899,紫金矿业,13:51:12,3.41,87100,3.41,买盘
150,601899,紫金矿业,13:51:00,3.41,245400,3.41,买盘
151,601899,紫金矿业,13:50:57,3.41,181300,3.41,买盘
152,601899,紫金矿业,13:50:37,3.41,240100,3.41,买盘
153,601899,紫金矿业,13:50:31,3.4,113000,3.41,卖盘
154,601899,紫金矿业,13:50:16,3.4,252900,3.41,卖盘
155,601899,紫金矿业,13:50:01,3.41,143500,3.41,买盘
156,601899,紫金矿业,13:49:55,3.4,243200,3.41,卖盘
157,601899,紫金矿业,13:49:37,3.41,240000,3.4,买盘
158,601899,紫金矿业,13:49:19,3.41,249100,3.4,买盘
159,601899,紫金矿业,13:48:58,3.41,283500,3.41,买盘
160,601899,紫金矿业,13:48:40,3.4,51300,3.41,卖盘
161,601899,紫金矿业,13:48:31,3.4,170400,3.4,卖盘
162,601899,紫金矿业,13:48:01,3.4,100000,3.4,卖盘
163,601899,紫金矿业,13:47:55,3.4,50900,3.41,卖盘
164,601899,紫金矿业,13:45:37,3.41,55300,3.4,买盘
165,601899,紫金矿业,13:43:22,3.4,68300,3.41,卖盘
166,601899,紫金矿业,13:43:04,3.41,46600,3.41,买盘
167,601899,紫金矿业,13:42:28,3.4,64500,3.41,卖盘
168,601899,紫金矿业,13:42:07,3.41,955000,3.41,买盘
169,601899,紫金矿业,13:41:43,3.41,54800,3.41,买盘
170,601899,紫金矿业,13:38:52,3.4,53400,3.4,卖盘
171,601899,紫金矿业,13:38:31,3.41,252700,3.4,买盘
172,601899,紫金矿业,13:38:16,3.41,257800,3.41,买盘
173,601899,紫金矿业,13:38:01,3.41,46600,3.4,买盘
174,601899,紫金矿业,13:37:58,3.4,72191,3.4,买盘
175,601899,紫金矿业,13:37:52,3.4,328200,3.4,买盘
176,601899,紫金矿业,13:37:49,3.4,269000,3.4,买盘
177,601899,紫金矿业,13:37:40,3.39,245800,3.4,卖盘
178,601899,紫金矿业,13:37:16,3.4,247900,3.4,买盘
179,601899,紫金矿业,13:36:58,3.4,244000,3.4,买盘
180,601899,紫金矿业,13:36:31,3.4,240000,3.39,买盘
181,601899,紫金矿业,13:36:13,3.4,251900,3.4,买盘
182,601899,紫金矿业,13:35:52,3.39,242000,3.4,卖盘
183,601899,紫金矿业,13:35:40,3.39,50000,3.4,卖盘
184,601899,紫金矿业,13:33:06,3.39,40200,3.39,卖盘
185,601899,紫金矿业,13:31:39,3.4,51100,3.4,买盘
186,601899,紫金矿业,13:30:24,3.4,55700,3.4,买盘
187,601899,紫金矿业,13:30:21,3.4,50400,3.39,买盘
188,601899,紫金矿业,13:23:10,3.4,67500,3.4,买盘
189,601899,紫金矿业,13:22:31,3.39,42000,3.4,卖盘
190,601899,紫金矿业,13:14:19,3.4,365600,3.4,买盘
191,601899,紫金矿业,13:14:07,3.39,50100,3.39,卖盘
192,601899,紫金矿业,13:13:54,3.4,240000,3.4,买盘
193,601899,紫金矿业,13:13:37,3.4,240000,3.4,买盘
194,601899,紫金矿业,13:12:31,3.39,119600,3.39,卖盘
195,601899,紫金矿业,13:11:15,3.4,52300,3.39,买盘
196,601899,紫金矿业,13:08:33,3.39,296500,3.39,卖盘
197,601899,紫金矿业,13:00:19,3.39,60300,3.4,卖盘
198,601899,紫金矿业,13:00:10,3.4,74600,3.4,买盘
199,601899,紫金矿业,13:00:07,3.4,135200,3.39,买盘
200,601899,紫金矿业,13:00:04,3.39,114100,3.39,卖盘
201,601899,紫金矿业,13:00:01,3.39,122600,3.4,卖盘
202,601899,紫金矿业,11:28:46,3.4,41300,3.4,买盘
203,601899,紫金矿业,11:25:13,3.4,40300,3.39,买盘
204,601899,紫金矿业,11:25:01,3.39,58500,3.4,卖盘
205,601899,紫金矿业,11:23:16,3.4,240000,3.39,买盘
206,601899,紫金矿业,11:22:55,3.4,249700,3.39,买盘
207,601899,紫金矿业,11:22:31,3.4,243200,3.39,买盘
208,601899,紫金矿业,11:19:40,3.4,89500,3.39,买盘
209,601899,紫金矿业,11:16:21,3.4,520000,3.4,买盘
210,601899,紫金矿业,11:15:51,3.4,79700,3.4,买盘
211,601899,紫金矿业,11:15:45,3.4,93800,3.39,买盘
212,601899,紫金矿业,11:12:45,3.39,57700,3.4,卖盘
213,601899,紫金矿业,11:12:11,3.39,161500,3.39,卖盘
214,601899,紫金矿业,11:10:41,3.4,899900,3.39,买盘
215,601899,紫金矿业,11:08:41,3.4,43900,3.4,买盘
216,601899,紫金矿业,11:05:43,3.39,42600,3.4,卖盘
217,601899,紫金矿业,10:59:49,3.4,46000,3.4,买盘
218,601899,紫金矿业,10:59:04,3.4,103500,3.4,买盘
219,601899,紫金矿业,10:58:51,3.4,99100,3.4,买盘
220,601899,紫金矿业,10:58:49,3.4,96800,3.39,买盘
221,601899,紫金矿业,10:53:51,3.4,89600,3.4,买盘
222,601899,紫金矿业,10:53:21,3.4,92600,3.39,买盘
223,601899,紫金矿业,10:52:51,3.4,89800,3.4,买盘
224,601899,紫金矿业,10:52:48,3.4,46500,3.39,买盘
225,601899,紫金矿业,10:52:24,3.4,107000,3.4,买盘
226,601899,紫金矿业,10:50:12,3.39,74800,3.39,卖盘
227,601899,紫金矿业,10:50:09,3.39,100000,3.4,卖盘
228,601899,紫金矿业,10:49:02,3.39,42600,3.4,卖盘
229,601899,紫金矿业,10:48:02,3.4,80000,3.4,买盘
230,601899,紫金矿业,10:46:44,3.4,74200,3.4,买盘
231,601899,紫金矿业,10:46:29,3.39,44600,3.4,卖盘
232,601899,紫金矿业,10:44:10,3.39,71400,3.39,卖盘
233,601899,紫金矿业,10:37:22,3.39,118200,3.4,卖盘
234,601899,紫金矿业,10:37:09,3.39,61553,3.39,买盘
235,601899,紫金矿业,10:37:00,3.39,332200,3.39,买盘
236,601899,紫金矿业,10:36:48,3.38,504700,3.39,卖盘
237,601899,紫金矿业,10:36:13,3.39,500000,3.38,买盘
238,601899,紫金矿业,10:35:36,3.39,87000,3.39,买盘
239,601899,紫金矿业,10:35:12,3.39,91300,3.38,买盘
240,601899,紫金矿业,10:34:58,3.39,80200,3.39,买盘
241,601899,紫金矿业,10:34:51,3.39,101000,3.38,买盘
242,601899,紫金矿业,10:34:24,3.38,92700,3.39,卖盘
243,601899,紫金矿业,10:34:15,3.38,99700,3.39,卖盘
244,601899,紫金矿业,10:32:57,3.38,40500,3.39,卖盘
245,601899,紫金矿业,10:26:32,3.39,51300,3.38,买盘
246,601899,紫金矿业,10:25:23,3.39,89800,3.39,买盘
247,601899,紫金矿业,10:19:36,3.38,46000,3.38,卖盘
248,601899,紫金矿业,10:15:33,3.38,105100,3.39,卖盘
249,601899,紫金矿业,10:12:21,3.39,341000,3.39,买盘
250,601899,紫金矿业,10:06:48,3.39,52100,3.39,买盘
251,601899,紫金矿业,10:05:12,3.39,40500,3.38,买盘
252,601899,紫金矿业,10:04:33,3.39,97700,3.39,买盘
253,601899,紫金矿业,10:04:24,3.39,105400,3.39,买盘
254,601899,紫金矿业,09:57:27,3.38,49500,3.39,卖盘
255,601899,紫金矿业,09:54:39,3.38,102100,3.39,卖盘
256,601899,紫金矿业,09:54:24,3.38,51500,3.39,卖盘
257,601899,紫金矿业,09:53:57,3.38,119700,3.39,卖盘
258,601899,紫金矿业,09:53:51,3.39,138600,3.39,买盘
259,601899,紫金矿业,09:50:03,3.39,56400,3.38,买盘
260,601899,紫金矿业,09:49:51,3.38,136000,3.37,买盘
261,601899,紫金矿业,09:49:15,3.38,44700,3.38,买盘
262,601899,紫金矿业,09:48:54,3.38,289100,3.38,卖盘
263,601899,紫金矿业,09:48:30,3.38,108600,3.38,卖盘
264,601899,紫金矿业,09:48:15,3.39,52500,3.38,买盘
265,601899,紫金矿业,09:48:03,3.39,62000,3.38,买盘
266,601899,紫金矿业,09:47:30,3.38,125800,3.38,卖盘
267,601899,紫金矿业,09:47:24,3.38,53800,3.38,卖盘
268,601899,紫金矿业,09:46:57,3.39,428600,3.39,买盘
269,601899,紫金矿业,09:46:15,3.38,100000,3.38,卖盘
270,601899,紫金矿业,09:46:03,3.38,44600,3.39,卖盘
271,601899,紫金矿业,09:45:06,3.39,51800,3.38,买盘
272,601899,紫金矿业,09:44:27,3.38,85600,3.39,卖盘
273,601899,紫金矿业,09:44:12,3.38,54100,3.39,卖盘
274,601899,紫金矿业,09:43:45,3.38,57000,3.39,卖盘
275,601899,紫金矿业,09:40:38,3.38,100100,3.38,卖盘
276,601899,紫金矿业,09:39:53,3.38,196000,3.38,买盘
277,601899,紫金矿业,09:39:23,3.37,500000,3.38,卖盘
278,601899,紫金矿业,09:38:15,3.38,60100,3.38,买盘
279,601899,紫金矿业,09:37:36,3.38,103000,3.38,买盘
280,601899,紫金矿业,09:36:18,3.37,45900,3.38,卖盘
281,601899,紫金矿业,09:35:51,3.38,47200,3.38,买盘
282,601899,紫金矿业,09:35:42,3.38,96400,3.37,买盘
283,601899,紫金矿业,09:35:33,3.38,42300,3.37,买盘
284,601899,紫金矿业,09:35:24,3.38,111600,3.38,买盘
285,601899,紫金矿业,09:35:18,3.38,184400,3.38,买盘
286,601899,紫金矿业,09:35:12,3.38,68200,3.38,买盘
287,601899,紫金矿业,09:35:06,3.38,91300,3.37,买盘
288,601899,紫金矿业,09:34:57,3.38,50000,3.38,买盘
289,601899,紫金矿业,09:34:54,3.38,40000,3.37,买盘
290,601899,紫金矿业,09:34:39,3.38,105100,3.38,买盘
291,601899,紫金矿业,09:34:18,3.38,51500,3.37,买盘
292,601899,紫金矿业,09:32:18,3.38,62400,3.38,买盘
293,601899,紫金矿业,09:32:06,3.37,61500,3.38,卖盘
294,601899,紫金矿业,09:31:57,3.38,66600,3.37,买盘
295,601899,紫金矿业,09:31:42,3.38,98900,3.37,买盘
296,601899,紫金矿业,09:30:09,3.37,60200,3.37,卖盘
297,601899,紫金矿业,09:30:06,3.37,71900,3.38,卖盘
298,601899,紫金矿业,09:30:03,3.38,81600,3.38,买盘
299,601899,紫金矿业,09:25:04,3.37,273000,0.0,买盘
