,code,name,time,price,volume,preprice,type
0,601881,中国银河,14:57:54,11.86,46000,11.86,买盘
1,601881,中国银河,14:56:45,11.86,50000,11.86,卖盘
2,601881,中国银河,14:55:57,11.87,114400,11.86,买盘
3,601881,中国银河,14:48:47,11.86,50900,11.85,买盘
4,601881,中国银河,14:16:06,11.84,274300,11.85,卖盘
5,601881,中国银河,14:08:46,11.84,54000,11.84,卖盘
6,601881,中国银河,13:46:10,11.82,40000,11.82,买盘
7,601881,中国银河,13:46:01,11.82,182600,11.83,卖盘
8,601881,中国银河,13:45:58,11.83,43100,11.83,卖盘
9,601881,中国银河,13:44:25,11.83,169950,11.85,卖盘
10,601881,中国银河,13:34:49,11.84,87750,11.85,卖盘
11,601881,中国银河,13:32:30,11.84,137900,11.87,卖盘
12,601881,中国银河,13:16:19,11.89,78800,11.89,买盘
13,601881,中国银河,11:27:31,11.89,85000,11.89,买盘
14,601881,中国银河,11:26:10,11.88,106800,11.88,买盘
15,601881,中国银河,11:05:58,11.84,41600,11.85,卖盘
16,601881,中国银河,10:54:19,11.85,40300,11.85,卖盘
17,601881,中国银河,10:51:51,11.87,40300,11.87,买盘
18,601881,中国银河,10:44:50,11.87,58200,11.86,买盘
19,601881,中国银河,10:36:48,11.87,43800,11.86,买盘
20,601881,中国银河,10:36:09,11.86,63800,11.85,买盘
21,601881,中国银河,10:34:48,11.86,113900,11.85,买盘
22,601881,中国银河,10:26:09,11.86,46200,11.85,买盘
23,601881,中国银河,10:16:36,11.88,48200,11.87,买盘
24,601881,中国银河,10:11:51,11.89,69100,11.88,买盘
25,601881,中国银河,10:11:48,11.88,106900,11.89,卖盘
26,601881,中国银河,10:10:45,11.88,70700,11.88,买盘
27,601881,中国银河,10:09:30,11.88,47200,11.88,卖盘
28,601881,中国银河,10:08:33,11.88,43500,11.87,买盘
29,601881,中国银河,10:08:24,11.88,79000,11.87,买盘
30,601881,中国银河,09:57:15,11.83,194600,11.85,卖盘
31,601881,中国银河,09:56:03,11.81,67500,11.81,买盘
32,601881,中国银河,09:55:21,11.84,57900,11.8,买盘
33,601881,中国银河,09:54:42,11.83,58900,11.8,买盘
34,601881,中国银河,09:54:03,11.79,78000,11.79,卖盘
35,601881,中国银河,09:53:21,11.82,57900,11.81,买盘
36,601881,中国银河,09:52:42,11.82,66200,11.81,买盘
37,601881,中国银河,09:52:27,11.8,54600,11.8,卖盘
38,601881,中国银河,09:52:09,11.8,62200,11.8,卖盘
39,601881,中国银河,09:50:54,11.8,119900,11.81,卖盘
40,601881,中国银河,09:50:42,11.81,63700,11.82,卖盘
41,601881,中国银河,09:49:24,11.81,54700,11.82,卖盘
42,601881,中国银河,09:48:27,11.82,51200,11.83,卖盘
43,601881,中国银河,09:48:18,11.82,45300,11.82,卖盘
44,601881,中国银河,09:44:54,11.82,51100,11.82,卖盘
45,601881,中国银河,09:38:41,11.81,62200,11.81,卖盘
46,601881,中国银河,09:30:03,11.79,67600,11.8,卖盘
47,601881,中国银河,09:25:03,11.81,58100,0.0,买盘
