,code,name,time,price,volume,preprice,type
0,601666,平煤股份,14:59:57,5.27,101100,5.26,买盘
1,601666,平煤股份,14:59:21,5.27,91000,5.27,买盘
2,601666,平煤股份,14:58:57,5.27,80000,5.26,买盘
3,601666,平煤股份,14:58:45,5.27,110000,5.26,买盘
4,601666,平煤股份,14:55:51,5.26,90000,5.26,买盘
5,601666,平煤股份,14:55:39,5.26,112000,5.25,买盘
6,601666,平煤股份,14:54:36,5.25,91200,5.25,卖盘
7,601666,平煤股份,14:53:57,5.25,40200,5.26,卖盘
8,601666,平煤股份,14:53:07,5.25,60400,5.24,买盘
9,601666,平煤股份,14:52:41,5.25,80000,5.24,买盘
10,601666,平煤股份,14:51:26,5.24,71000,5.24,卖盘
11,601666,平煤股份,14:50:38,5.25,48600,5.24,买盘
12,601666,平煤股份,14:45:44,5.24,65000,5.24,卖盘
13,601666,平煤股份,14:43:37,5.24,40900,5.24,卖盘
14,601666,平煤股份,14:42:34,5.24,120000,5.25,卖盘
15,601666,平煤股份,14:39:57,5.25,96500,5.24,买盘
16,601666,平煤股份,14:39:45,5.24,42300,5.24,买盘
17,601666,平煤股份,14:38:15,5.24,50000,5.24,买盘
18,601666,平煤股份,14:35:39,5.24,53000,5.25,卖盘
19,601666,平煤股份,14:35:09,5.25,50100,5.24,买盘
20,601666,平煤股份,14:19:04,5.23,40400,5.25,卖盘
21,601666,平煤股份,14:17:39,5.23,100200,5.23,卖盘
22,601666,平煤股份,14:17:00,5.24,161489,5.25,卖盘
23,601666,平煤股份,14:13:57,5.25,55700,5.26,卖盘
24,601666,平煤股份,14:07:31,5.26,55800,5.26,卖盘
25,601666,平煤股份,13:47:19,5.24,53100,5.25,卖盘
26,601666,平煤股份,13:38:43,5.25,42100,5.24,买盘
27,601666,平煤股份,13:34:46,5.25,116600,5.26,卖盘
28,601666,平煤股份,13:12:15,5.27,127512,5.26,买盘
29,601666,平煤股份,13:10:03,5.27,60000,5.26,买盘
30,601666,平煤股份,13:00:04,5.27,68990,5.26,买盘
31,601666,平煤股份,11:29:58,5.26,200400,5.25,买盘
32,601666,平煤股份,11:27:01,5.26,60600,5.26,卖盘
33,601666,平煤股份,11:26:43,5.26,153700,5.26,买盘
34,601666,平煤股份,11:21:58,5.25,48600,5.26,卖盘
35,601666,平煤股份,11:21:46,5.26,150000,5.26,买盘
36,601666,平煤股份,11:21:22,5.25,98600,5.24,买盘
37,601666,平煤股份,11:17:31,5.23,80000,5.23,卖盘
38,601666,平煤股份,11:16:49,5.24,49547,5.24,卖盘
39,601666,平煤股份,11:16:31,5.24,151853,5.23,买盘
40,601666,平煤股份,11:11:23,5.24,42900,5.23,买盘
41,601666,平煤股份,11:06:01,5.23,120900,5.22,买盘
42,601666,平煤股份,11:01:10,5.22,40200,5.22,买盘
43,601666,平煤股份,11:00:46,5.22,45700,5.22,买盘
44,601666,平煤股份,10:55:24,5.22,101900,5.22,卖盘
45,601666,平煤股份,10:53:54,5.22,50000,5.22,卖盘
46,601666,平煤股份,10:51:45,5.23,56700,5.23,卖盘
47,601666,平煤股份,10:51:33,5.23,56100,5.23,卖盘
48,601666,平煤股份,10:51:12,5.23,55200,5.23,卖盘
49,601666,平煤股份,10:51:09,5.23,68500,5.24,卖盘
50,601666,平煤股份,10:50:30,5.23,50000,5.24,卖盘
51,601666,平煤股份,10:39:09,5.24,50400,5.24,买盘
52,601666,平煤股份,10:32:33,5.24,97100,5.24,卖盘
53,601666,平煤股份,10:31:36,5.24,68200,5.23,买盘
54,601666,平煤股份,10:29:57,5.24,40000,5.23,买盘
55,601666,平煤股份,10:26:45,5.23,40000,5.23,卖盘
56,601666,平煤股份,10:25:17,5.24,180000,5.25,卖盘
57,601666,平煤股份,10:23:56,5.25,52400,5.25,买盘
58,601666,平煤股份,10:23:41,5.25,46400,5.25,卖盘
59,601666,平煤股份,10:22:20,5.25,100000,5.24,买盘
60,601666,平煤股份,10:19:48,5.26,50000,5.25,买盘
61,601666,平煤股份,10:18:51,5.25,103920,5.26,卖盘
62,601666,平煤股份,10:09:33,5.25,73020,5.25,卖盘
63,601666,平煤股份,10:06:12,5.26,50100,5.26,买盘
64,601666,平煤股份,10:04:14,5.25,49380,5.24,买盘
65,601666,平煤股份,10:03:50,5.25,50000,5.25,买盘
66,601666,平煤股份,10:02:08,5.25,65420,5.25,卖盘
67,601666,平煤股份,09:58:39,5.25,46100,5.24,买盘
68,601666,平煤股份,09:58:18,5.25,80000,5.24,买盘
69,601666,平煤股份,09:57:57,5.24,55800,5.24,买盘
70,601666,平煤股份,09:55:00,5.24,50000,5.24,买盘
71,601666,平煤股份,09:52:27,5.24,43400,5.23,买盘
72,601666,平煤股份,09:50:24,5.23,85400,5.22,买盘
73,601666,平煤股份,09:47:27,5.23,254900,5.24,卖盘
74,601666,平煤股份,09:46:18,5.24,85200,5.25,卖盘
75,601666,平煤股份,09:44:30,5.25,62300,5.26,卖盘
76,601666,平煤股份,09:43:39,5.24,133600,5.26,卖盘
77,601666,平煤股份,09:38:54,5.25,50500,5.25,买盘
78,601666,平煤股份,09:37:12,5.23,78200,5.23,卖盘
79,601666,平煤股份,09:37:06,5.24,51600,5.23,买盘
80,601666,平煤股份,09:35:06,5.24,77900,5.25,卖盘
81,601666,平煤股份,09:35:00,5.24,59900,5.25,卖盘
82,601666,平煤股份,09:31:57,5.24,50000,5.23,买盘
83,601666,平煤股份,09:30:42,5.25,51500,5.25,买盘
84,601666,平煤股份,09:30:18,5.23,66860,5.23,卖盘
85,601666,平煤股份,09:30:06,5.23,99200,5.22,买盘
86,601666,平煤股份,09:30:03,5.22,231700,5.22,卖盘
87,601666,平煤股份,09:25:03,5.22,130900,0.0,买盘
