,code,name,time,price,volume,preprice,type
0,002797,第一创业,15:00:03,9.21,1178240,9.22,卖盘
1,002797,第一创业,14:56:57,9.21,61600,9.22,卖盘
2,002797,第一创业,14:56:39,9.21,64540,9.2,买盘
3,002797,第一创业,14:56:36,9.2,69000,9.2,卖盘
4,002797,第一创业,14:56:30,9.2,53000,9.21,卖盘
5,002797,第一创业,14:56:15,9.22,45000,9.21,买盘
6,002797,第一创业,14:56:12,9.21,42020,9.22,卖盘
7,002797,第一创业,14:56:09,9.22,354500,9.22,买盘
8,002797,第一创业,14:56:06,9.22,60800,9.21,买盘
9,002797,第一创业,14:55:24,9.21,41300,9.22,卖盘
10,002797,第一创业,14:55:09,9.22,41300,9.21,买盘
11,002797,第一创业,14:54:51,9.22,45500,9.22,买盘
12,002797,第一创业,14:54:42,9.22,63700,9.22,买盘
13,002797,第一创业,14:54:33,9.21,65800,9.21,卖盘
14,002797,第一创业,14:54:18,9.21,43880,9.22,卖盘
15,002797,第一创业,14:53:39,9.21,57700,9.23,卖盘
16,002797,第一创业,14:53:06,9.22,48900,9.22,买盘
17,002797,第一创业,14:53:00,9.22,909880,9.23,卖盘
18,002797,第一创业,14:51:42,9.23,43100,9.24,卖盘
19,002797,第一创业,14:51:15,9.24,54500,9.24,买盘
20,002797,第一创业,14:50:30,9.24,94800,9.23,买盘
21,002797,第一创业,14:49:39,9.23,43900,9.24,卖盘
22,002797,第一创业,14:49:06,9.23,46700,9.23,卖盘
23,002797,第一创业,14:48:54,9.23,50800,9.23,卖盘
24,002797,第一创业,14:48:48,9.24,112200,9.23,买盘
25,002797,第一创业,14:48:36,9.24,57300,9.24,买盘
26,002797,第一创业,14:48:33,9.24,94100,9.24,买盘
27,002797,第一创业,14:48:06,9.24,43300,9.24,买盘
28,002797,第一创业,14:47:06,9.24,162520,9.23,买盘
29,002797,第一创业,14:46:54,9.24,47500,9.23,买盘
30,002797,第一创业,14:46:03,9.23,49600,9.24,卖盘
31,002797,第一创业,14:45:51,9.23,204100,9.24,卖盘
32,002797,第一创业,14:45:06,9.23,61300,9.23,买盘
33,002797,第一创业,14:44:06,9.23,113000,9.23,卖盘
34,002797,第一创业,14:43:57,9.23,44200,9.23,卖盘
35,002797,第一创业,14:43:06,9.24,41200,9.24,买盘
36,002797,第一创业,14:41:45,9.22,85860,9.23,卖盘
37,002797,第一创业,14:41:06,9.24,71100,9.23,买盘
38,002797,第一创业,14:40:03,9.23,49020,9.23,买盘
39,002797,第一创业,14:39:57,9.22,118400,9.22,卖盘
40,002797,第一创业,14:39:15,9.22,75020,9.22,买盘
41,002797,第一创业,14:38:18,9.21,42100,9.22,卖盘
42,002797,第一创业,14:38:09,9.22,56480,9.22,卖盘
43,002797,第一创业,14:38:06,9.22,62640,9.22,卖盘
44,002797,第一创业,14:38:03,9.22,44660,9.23,卖盘
45,002797,第一创业,14:37:54,9.22,54700,9.22,卖盘
46,002797,第一创业,14:37:39,9.22,139300,9.23,卖盘
47,002797,第一创业,14:37:27,9.22,47200,9.22,卖盘
48,002797,第一创业,14:35:06,9.24,55300,9.23,买盘
49,002797,第一创业,14:31:09,9.24,46300,9.23,买盘
50,002797,第一创业,14:30:21,9.23,55200,9.23,卖盘
51,002797,第一创业,14:29:00,9.23,48800,9.23,买盘
52,002797,第一创业,14:28:42,9.22,75000,9.23,卖盘
53,002797,第一创业,14:27:21,9.23,118900,9.23,卖盘
54,002797,第一创业,14:26:45,9.23,76100,9.24,卖盘
55,002797,第一创业,14:25:03,9.23,221100,9.24,卖盘
56,002797,第一创业,14:24:48,9.24,73200,9.24,卖盘
57,002797,第一创业,14:23:12,9.25,80900,9.25,买盘
58,002797,第一创业,14:21:39,9.24,50000,9.24,卖盘
59,002797,第一创业,14:21:03,9.25,46400,9.25,买盘
60,002797,第一创业,14:20:15,9.24,69500,9.24,卖盘
61,002797,第一创业,14:19:36,9.25,51800,9.25,买盘
62,002797,第一创业,14:18:00,9.24,101000,9.23,买盘
63,002797,第一创业,14:17:54,9.24,49100,9.23,买盘
64,002797,第一创业,14:17:42,9.24,43500,9.24,买盘
65,002797,第一创业,14:16:54,9.24,52600,9.23,买盘
66,002797,第一创业,14:16:48,9.23,50300,9.23,卖盘
67,002797,第一创业,14:15:54,9.23,82300,9.24,卖盘
68,002797,第一创业,14:15:36,9.23,78800,9.24,卖盘
69,002797,第一创业,14:15:06,9.24,133320,9.25,卖盘
70,002797,第一创业,14:14:54,9.25,57800,9.24,买盘
71,002797,第一创业,14:12:09,9.24,60000,9.25,卖盘
72,002797,第一创业,14:10:00,9.25,62000,9.25,买盘
73,002797,第一创业,14:08:51,9.24,199000,9.25,卖盘
74,002797,第一创业,14:08:00,9.26,52200,9.26,买盘
75,002797,第一创业,14:06:54,9.25,63000,9.25,卖盘
76,002797,第一创业,14:05:45,9.26,43300,9.25,买盘
77,002797,第一创业,14:02:45,9.26,85500,9.27,卖盘
78,002797,第一创业,14:02:09,9.27,61400,9.27,买盘
79,002797,第一创业,14:02:03,9.27,40300,9.27,买盘
80,002797,第一创业,14:01:51,9.27,55600,9.26,买盘
81,002797,第一创业,13:59:00,9.26,75200,9.26,买盘
82,002797,第一创业,13:58:21,9.26,64300,9.26,卖盘
83,002797,第一创业,13:58:15,9.26,105400,9.26,卖盘
84,002797,第一创业,13:57:33,9.26,41200,9.26,卖盘
85,002797,第一创业,13:56:57,9.27,79000,9.27,买盘
86,002797,第一创业,13:56:42,9.27,42400,9.27,买盘
87,002797,第一创业,13:51:39,9.26,51800,9.26,买盘
88,002797,第一创业,13:50:54,9.26,89300,9.26,买盘
89,002797,第一创业,13:45:30,9.26,125000,9.26,买盘
90,002797,第一创业,13:43:45,9.25,118800,9.25,卖盘
91,002797,第一创业,13:40:42,9.26,53800,9.25,买盘
92,002797,第一创业,13:38:57,9.25,44560,9.25,买盘
93,002797,第一创业,13:36:30,9.25,67060,9.25,买盘
94,002797,第一创业,13:33:42,9.25,54100,9.25,卖盘
95,002797,第一创业,13:32:51,9.26,72240,9.26,卖盘
96,002797,第一创业,13:31:09,9.27,46700,9.26,买盘
97,002797,第一创业,13:21:33,9.25,47900,9.26,卖盘
98,002797,第一创业,13:21:15,9.26,80100,9.27,卖盘
99,002797,第一创业,13:18:54,9.27,56900,9.27,卖盘
100,002797,第一创业,13:18:21,9.28,48600,9.28,买盘
101,002797,第一创业,13:17:45,9.28,219004,9.27,买盘
102,002797,第一创业,13:14:06,9.25,43800,9.25,卖盘
103,002797,第一创业,13:13:33,9.26,63400,9.25,买盘
104,002797,第一创业,13:10:48,9.25,42200,9.25,卖盘
105,002797,第一创业,13:10:09,9.26,42968,9.25,买盘
106,002797,第一创业,13:08:30,9.25,60500,9.25,买盘
107,002797,第一创业,13:00:03,9.24,92780,9.23,买盘
108,002797,第一创业,11:27:06,9.24,94820,9.23,买盘
109,002797,第一创业,11:23:45,9.24,51720,9.24,买盘
110,002797,第一创业,11:09:33,9.22,92200,9.22,卖盘
111,002797,第一创业,11:01:21,9.22,73300,9.22,卖盘
112,002797,第一创业,11:00:21,9.21,80720,9.21,买盘
113,002797,第一创业,10:58:00,9.2,41000,9.2,卖盘
114,002797,第一创业,10:56:12,9.22,46700,9.21,买盘
115,002797,第一创业,10:55:27,9.21,48880,9.22,卖盘
116,002797,第一创业,10:55:03,9.22,48500,9.21,买盘
117,002797,第一创业,10:52:57,9.22,74000,9.22,卖盘
118,002797,第一创业,10:52:39,9.22,47600,9.21,买盘
119,002797,第一创业,10:51:30,9.21,41300,9.22,卖盘
120,002797,第一创业,10:51:06,9.22,69920,9.22,卖盘
121,002797,第一创业,10:50:39,9.22,57300,9.23,卖盘
122,002797,第一创业,10:46:21,9.24,94600,9.24,买盘
123,002797,第一创业,10:45:06,9.24,66300,9.24,买盘
124,002797,第一创业,10:32:48,9.22,51500,9.23,卖盘
125,002797,第一创业,10:32:00,9.22,40000,9.22,卖盘
126,002797,第一创业,10:31:30,9.22,54400,9.22,卖盘
127,002797,第一创业,10:30:12,9.22,45400,9.21,买盘
128,002797,第一创业,10:29:42,9.22,41000,9.22,卖盘
129,002797,第一创业,10:29:39,9.22,61300,9.22,卖盘
130,002797,第一创业,10:29:15,9.22,83200,9.23,卖盘
131,002797,第一创业,10:29:00,9.23,45380,9.23,卖盘
132,002797,第一创业,10:28:51,9.24,52100,9.23,买盘
133,002797,第一创业,10:25:24,9.22,43700,9.22,卖盘
134,002797,第一创业,10:25:15,9.22,53060,9.22,卖盘
135,002797,第一创业,10:24:27,9.21,515200,9.23,卖盘
136,002797,第一创业,10:21:18,9.22,64800,9.23,卖盘
137,002797,第一创业,10:21:15,9.23,390400,9.26,卖盘
138,002797,第一创业,10:21:06,9.25,186700,9.26,卖盘
139,002797,第一创业,10:20:39,9.26,156000,9.26,卖盘
140,002797,第一创业,10:17:51,9.25,47540,9.26,卖盘
141,002797,第一创业,10:17:09,9.27,98900,9.28,卖盘
142,002797,第一创业,10:17:00,9.28,44100,9.27,买盘
143,002797,第一创业,10:15:54,9.29,70900,9.29,买盘
144,002797,第一创业,10:14:51,9.27,43600,9.28,卖盘
145,002797,第一创业,10:14:48,9.28,63100,9.28,买盘
146,002797,第一创业,10:13:42,9.27,69400,9.28,卖盘
147,002797,第一创业,10:13:39,9.28,66400,9.28,买盘
148,002797,第一创业,10:13:24,9.29,126700,9.28,买盘
149,002797,第一创业,10:13:15,9.29,48200,9.28,买盘
150,002797,第一创业,10:13:09,9.29,47300,9.29,买盘
151,002797,第一创业,10:13:06,9.29,61100,9.28,买盘
152,002797,第一创业,10:12:54,9.29,58800,9.29,买盘
153,002797,第一创业,10:12:45,9.29,136000,9.29,买盘
154,002797,第一创业,10:12:30,9.29,85500,9.29,买盘
155,002797,第一创业,10:12:21,9.29,145000,9.28,买盘
156,002797,第一创业,10:12:09,9.28,262700,9.28,卖盘
157,002797,第一创业,10:12:03,9.27,328900,9.27,卖盘
158,002797,第一创业,10:12:00,9.27,103900,9.28,卖盘
159,002797,第一创业,10:11:51,9.28,150312,9.27,买盘
160,002797,第一创业,10:11:48,9.27,73500,9.27,买盘
161,002797,第一创业,10:11:45,9.27,55300,9.27,买盘
162,002797,第一创业,10:11:36,9.27,98400,9.28,卖盘
163,002797,第一创业,10:11:33,9.28,64200,9.27,买盘
164,002797,第一创业,10:11:18,9.28,52500,9.28,买盘
165,002797,第一创业,10:11:15,9.28,64800,9.28,买盘
166,002797,第一创业,10:11:06,9.27,57100,9.28,卖盘
167,002797,第一创业,10:11:00,9.28,81500,9.28,买盘
168,002797,第一创业,10:10:54,9.28,85300,9.28,买盘
169,002797,第一创业,10:10:48,9.28,104600,9.28,买盘
170,002797,第一创业,10:10:36,9.28,49400,9.28,卖盘
171,002797,第一创业,10:10:30,9.27,109300,9.28,卖盘
172,002797,第一创业,10:10:03,9.27,53400,9.26,买盘
173,002797,第一创业,10:10:00,9.26,52000,9.26,卖盘
174,002797,第一创业,10:09:09,9.28,42800,9.28,买盘
175,002797,第一创业,10:09:06,9.28,40100,9.28,买盘
176,002797,第一创业,10:09:03,9.28,49500,9.28,买盘
177,002797,第一创业,10:08:54,9.28,104500,9.28,买盘
178,002797,第一创业,10:08:48,9.29,43660,9.29,买盘
179,002797,第一创业,10:08:45,9.29,109200,9.28,买盘
180,002797,第一创业,10:08:39,9.29,47200,9.29,买盘
181,002797,第一创业,10:08:27,9.28,55640,9.28,买盘
182,002797,第一创业,10:08:24,9.28,82800,9.27,买盘
183,002797,第一创业,10:08:21,9.27,144000,9.27,卖盘
184,002797,第一创业,10:08:12,9.28,78400,9.28,买盘
185,002797,第一创业,10:08:09,9.28,158000,9.27,买盘
186,002797,第一创业,10:08:00,9.27,56200,9.26,买盘
187,002797,第一创业,10:07:54,9.26,311613,9.24,买盘
188,002797,第一创业,10:07:51,9.24,58100,9.25,卖盘
189,002797,第一创业,10:07:48,9.25,45400,9.24,买盘
190,002797,第一创业,10:07:21,9.24,42500,9.24,买盘
191,002797,第一创业,10:07:06,9.24,53000,9.23,买盘
192,002797,第一创业,10:07:00,9.24,51200,9.23,买盘
193,002797,第一创业,10:05:57,9.24,53827,9.24,卖盘
194,002797,第一创业,10:04:00,9.25,49900,9.24,买盘
195,002797,第一创业,10:01:00,9.25,77680,9.25,卖盘
196,002797,第一创业,10:00:51,9.25,60000,9.26,卖盘
197,002797,第一创业,10:00:48,9.26,53800,9.25,买盘
198,002797,第一创业,10:00:33,9.26,54300,9.26,买盘
199,002797,第一创业,10:00:15,9.26,83080,9.26,买盘
200,002797,第一创业,09:59:57,9.25,78200,9.25,买盘
201,002797,第一创业,09:59:33,9.24,80900,9.24,买盘
202,002797,第一创业,09:58:06,9.22,49400,9.21,买盘
203,002797,第一创业,09:56:21,9.2,46100,9.2,买盘
204,002797,第一创业,09:55:15,9.19,61400,9.19,买盘
205,002797,第一创业,09:54:36,9.19,42800,9.19,买盘
206,002797,第一创业,09:54:24,9.19,202880,9.18,买盘
207,002797,第一创业,09:54:03,9.18,51800,9.19,卖盘
208,002797,第一创业,09:53:30,9.19,82900,9.2,卖盘
209,002797,第一创业,09:53:06,9.2,47400,9.2,卖盘
210,002797,第一创业,09:51:06,9.21,44700,9.2,买盘
211,002797,第一创业,09:50:54,9.2,45900,9.2,卖盘
212,002797,第一创业,09:50:18,9.2,43080,9.19,买盘
213,002797,第一创业,09:49:15,9.19,50200,9.19,卖盘
214,002797,第一创业,09:48:42,9.19,88000,9.2,卖盘
215,002797,第一创业,09:48:27,9.2,203500,9.19,买盘
216,002797,第一创业,09:48:21,9.19,77600,9.19,卖盘
217,002797,第一创业,09:48:15,9.19,50900,9.19,卖盘
218,002797,第一创业,09:47:33,9.19,188500,9.21,卖盘
219,002797,第一创业,09:47:09,9.2,128260,9.21,卖盘
220,002797,第一创业,09:46:18,9.22,92500,9.22,买盘
221,002797,第一创业,09:45:48,9.2,55500,9.21,卖盘
222,002797,第一创业,09:45:09,9.22,74360,9.23,卖盘
223,002797,第一创业,09:44:48,9.22,57600,9.22,买盘
224,002797,第一创业,09:44:30,9.22,55700,9.22,卖盘
225,002797,第一创业,09:41:30,9.22,50600,9.22,买盘
226,002797,第一创业,09:41:21,9.22,57500,9.22,买盘
227,002797,第一创业,09:41:03,9.22,82200,9.22,买盘
228,002797,第一创业,09:40:03,9.21,77500,9.2,买盘
229,002797,第一创业,09:39:33,9.19,46600,9.19,买盘
230,002797,第一创业,09:38:39,9.2,54660,9.18,买盘
231,002797,第一创业,09:38:30,9.18,48500,9.18,买盘
232,002797,第一创业,09:38:12,9.18,72000,9.18,卖盘
233,002797,第一创业,09:37:51,9.18,41600,9.17,买盘
234,002797,第一创业,09:37:21,9.18,42100,9.17,买盘
235,002797,第一创业,09:35:30,9.18,43400,9.18,买盘
236,002797,第一创业,09:35:18,9.18,127700,9.18,买盘
237,002797,第一创业,09:35:06,9.17,76400,9.17,卖盘
238,002797,第一创业,09:34:54,9.18,76900,9.17,买盘
239,002797,第一创业,09:34:18,9.17,155440,9.18,卖盘
240,002797,第一创业,09:34:15,9.18,80200,9.18,卖盘
241,002797,第一创业,09:33:09,9.19,40600,9.19,卖盘
242,002797,第一创业,09:33:03,9.2,73700,9.19,买盘
243,002797,第一创业,09:32:33,9.21,84700,9.2,买盘
244,002797,第一创业,09:32:27,9.2,55600,9.2,卖盘
245,002797,第一创业,09:32:24,9.2,78300,9.2,卖盘
246,002797,第一创业,09:31:42,9.2,56420,9.19,买盘
247,002797,第一创业,09:31:18,9.18,49380,9.18,买盘
248,002797,第一创业,09:31:12,9.18,46700,9.18,买盘
249,002797,第一创业,09:31:03,9.18,103900,9.18,买盘
250,002797,第一创业,09:30:48,9.18,61080,9.19,卖盘
251,002797,第一创业,09:30:39,9.18,61300,9.18,卖盘
252,002797,第一创业,09:30:36,9.18,48300,9.19,卖盘
253,002797,第一创业,09:30:09,9.18,73000,9.18,卖盘
254,002797,第一创业,09:30:06,9.18,125800,9.18,买盘
255,002797,第一创业,09:30:03,9.18,818040,9.18,卖盘
256,002797,第一创业,09:25:03,9.18,662200,0.0,中性盘
