,code,name,time,price,volume,preprice,type
0,601668,中国建筑,14:59:55,9.69,54800,9.69,买盘
1,601668,中国建筑,14:59:52,9.69,62700,9.69,买盘
2,601668,中国建筑,14:59:43,9.68,91100,9.69,卖盘
3,601668,中国建筑,14:59:28,9.68,55800,9.68,卖盘
4,601668,中国建筑,14:59:25,9.68,97900,9.68,卖盘
5,601668,中国建筑,14:59:09,9.68,52400,9.68,卖盘
6,601668,中国建筑,14:59:03,9.68,288600,9.68,卖盘
7,601668,中国建筑,14:58:54,9.68,58900,9.68,卖盘
8,601668,中国建筑,14:58:51,9.68,40800,9.68,卖盘
9,601668,中国建筑,14:58:33,9.69,281000,9.68,买盘
10,601668,中国建筑,14:58:30,9.68,55500,9.68,卖盘
11,601668,中国建筑,14:58:24,9.68,50200,9.68,卖盘
12,601668,中国建筑,14:58:12,9.68,106500,9.69,卖盘
13,601668,中国建筑,14:57:54,9.68,53900,9.69,卖盘
14,601668,中国建筑,14:57:36,9.68,111200,9.68,卖盘
15,601668,中国建筑,14:57:33,9.68,77800,9.68,卖盘
16,601668,中国建筑,14:57:27,9.68,1374965,9.67,买盘
17,601668,中国建筑,14:57:12,9.67,54800,9.67,卖盘
18,601668,中国建筑,14:57:00,9.67,68600,9.67,卖盘
19,601668,中国建筑,14:56:48,9.67,58200,9.67,卖盘
20,601668,中国建筑,14:56:33,9.67,57200,9.67,卖盘
21,601668,中国建筑,14:56:24,9.67,185000,9.67,卖盘
22,601668,中国建筑,14:56:18,9.67,308600,9.67,卖盘
23,601668,中国建筑,14:55:42,9.67,149500,9.68,卖盘
24,601668,中国建筑,14:55:36,9.68,47000,9.67,买盘
25,601668,中国建筑,14:55:30,9.67,45900,9.67,卖盘
26,601668,中国建筑,14:54:45,9.67,42700,9.67,卖盘
27,601668,中国建筑,14:54:09,9.67,63300,9.67,卖盘
28,601668,中国建筑,14:53:45,9.68,43500,9.67,买盘
29,601668,中国建筑,14:53:36,9.67,107900,9.67,卖盘
30,601668,中国建筑,14:53:24,9.67,45300,9.67,卖盘
31,601668,中国建筑,14:53:09,9.66,215900,9.66,卖盘
32,601668,中国建筑,14:53:06,9.66,794800,9.67,卖盘
33,601668,中国建筑,14:52:47,9.67,53000,9.67,买盘
34,601668,中国建筑,14:52:41,9.66,40500,9.67,卖盘
35,601668,中国建筑,14:52:23,9.66,83300,9.66,卖盘
36,601668,中国建筑,14:52:19,9.66,63600,9.66,卖盘
37,601668,中国建筑,14:52:17,9.66,42300,9.66,卖盘
38,601668,中国建筑,14:52:02,9.66,52000,9.66,卖盘
39,601668,中国建筑,14:51:50,9.66,45600,9.66,买盘
40,601668,中国建筑,14:51:35,9.66,41800,9.66,卖盘
41,601668,中国建筑,14:51:29,9.66,52900,9.66,卖盘
42,601668,中国建筑,14:51:23,9.66,77363,9.66,卖盘
43,601668,中国建筑,14:50:32,9.66,57200,9.67,卖盘
44,601668,中国建筑,14:49:20,9.66,99600,9.66,卖盘
45,601668,中国建筑,14:48:40,9.67,117400,9.67,卖盘
46,601668,中国建筑,14:48:29,9.67,48400,9.68,卖盘
47,601668,中国建筑,14:48:08,9.68,63100,9.67,买盘
48,601668,中国建筑,14:47:53,9.67,68100,9.67,卖盘
49,601668,中国建筑,14:47:29,9.68,200400,9.67,买盘
50,601668,中国建筑,14:47:13,9.68,55200,9.68,买盘
51,601668,中国建筑,14:47:04,9.67,301000,9.68,卖盘
52,601668,中国建筑,14:46:44,9.67,40600,9.67,卖盘
53,601668,中国建筑,14:46:41,9.67,73000,9.67,卖盘
54,601668,中国建筑,14:46:11,9.68,419300,9.67,买盘
55,601668,中国建筑,14:45:59,9.67,356900,9.67,卖盘
56,601668,中国建筑,14:45:53,9.67,42300,9.67,卖盘
57,601668,中国建筑,14:45:50,9.67,234900,9.67,卖盘
58,601668,中国建筑,14:45:46,9.67,330200,9.67,买盘
59,601668,中国建筑,14:45:44,9.67,90700,9.67,买盘
60,601668,中国建筑,14:44:47,9.66,88700,9.66,卖盘
61,601668,中国建筑,14:44:29,9.67,104300,9.66,买盘
62,601668,中国建筑,14:43:32,9.66,44900,9.65,买盘
63,601668,中国建筑,14:43:28,9.65,145100,9.65,卖盘
64,601668,中国建筑,14:43:25,9.65,106200,9.66,卖盘
65,601668,中国建筑,14:43:04,9.66,55000,9.65,买盘
66,601668,中国建筑,14:42:28,9.66,89400,9.65,买盘
67,601668,中国建筑,14:42:25,9.65,69500,9.66,卖盘
68,601668,中国建筑,14:42:10,9.66,50800,9.65,买盘
69,601668,中国建筑,14:41:31,9.64,52000,9.65,卖盘
70,601668,中国建筑,14:41:25,9.65,159700,9.65,买盘
71,601668,中国建筑,14:40:34,9.64,391400,9.64,卖盘
72,601668,中国建筑,14:40:31,9.64,67500,9.65,卖盘
73,601668,中国建筑,14:40:25,9.65,96000,9.65,买盘
74,601668,中国建筑,14:40:22,9.65,106900,9.64,买盘
75,601668,中国建筑,14:39:48,9.64,238400,9.64,卖盘
76,601668,中国建筑,14:39:22,9.64,100600,9.64,卖盘
77,601668,中国建筑,14:38:39,9.63,52500,9.64,卖盘
78,601668,中国建筑,14:38:21,9.64,73900,9.63,买盘
79,601668,中国建筑,14:37:39,9.64,42600,9.65,卖盘
80,601668,中国建筑,14:37:21,9.64,77100,9.63,买盘
81,601668,中国建筑,14:37:12,9.64,215300,9.64,卖盘
82,601668,中国建筑,14:36:48,9.65,94000,9.65,买盘
83,601668,中国建筑,14:36:42,9.65,393800,9.65,买盘
84,601668,中国建筑,14:36:21,9.65,100000,9.65,买盘
85,601668,中国建筑,14:36:09,9.64,121000,9.64,卖盘
86,601668,中国建筑,14:35:24,9.65,121000,9.64,买盘
87,601668,中国建筑,14:35:03,9.65,50300,9.64,买盘
88,601668,中国建筑,14:34:24,9.65,101000,9.65,买盘
89,601668,中国建筑,14:34:21,9.65,66900,9.64,买盘
90,601668,中国建筑,14:34:09,9.64,40600,9.64,卖盘
91,601668,中国建筑,14:33:24,9.64,155800,9.65,卖盘
92,601668,中国建筑,14:32:55,9.65,50000,9.65,买盘
93,601668,中国建筑,14:32:31,9.65,101800,9.65,买盘
94,601668,中国建筑,14:32:22,9.65,112200,9.64,买盘
95,601668,中国建筑,14:31:22,9.64,102400,9.65,卖盘
96,601668,中国建筑,14:30:55,9.64,100000,9.64,卖盘
97,601668,中国建筑,14:30:22,9.65,100000,9.65,买盘
98,601668,中国建筑,14:29:31,9.64,51400,9.64,卖盘
99,601668,中国建筑,14:29:22,9.65,100000,9.64,买盘
100,601668,中国建筑,14:28:22,9.65,100000,9.64,买盘
101,601668,中国建筑,14:27:34,9.64,65300,9.64,卖盘
102,601668,中国建筑,14:27:22,9.65,100500,9.64,买盘
103,601668,中国建筑,14:26:49,9.64,63400,9.65,卖盘
104,601668,中国建筑,14:26:25,9.64,113300,9.65,卖盘
105,601668,中国建筑,14:26:22,9.65,100000,9.65,买盘
106,601668,中国建筑,14:25:52,9.64,57300,9.64,卖盘
107,601668,中国建筑,14:25:31,9.65,106200,9.64,买盘
108,601668,中国建筑,14:25:22,9.64,100200,9.65,卖盘
109,601668,中国建筑,14:25:08,9.64,41300,9.65,卖盘
110,601668,中国建筑,14:22:55,9.65,41700,9.64,买盘
111,601668,中国建筑,14:22:16,9.64,109300,9.65,卖盘
112,601668,中国建筑,14:21:58,9.65,304300,9.64,买盘
113,601668,中国建筑,14:21:43,9.65,48700,9.64,买盘
114,601668,中国建筑,14:17:24,9.64,100000,9.64,卖盘
115,601668,中国建筑,14:16:03,9.65,236800,9.64,买盘
116,601668,中国建筑,14:15:09,9.64,78300,9.64,卖盘
117,601668,中国建筑,14:14:30,9.65,41900,9.64,买盘
118,601668,中国建筑,14:13:45,9.65,103100,9.64,买盘
119,601668,中国建筑,14:13:39,9.65,42200,9.64,买盘
120,601668,中国建筑,14:13:15,9.65,61100,9.66,卖盘
121,601668,中国建筑,14:12:39,9.65,102000,9.65,卖盘
122,601668,中国建筑,14:11:28,9.65,75800,9.66,卖盘
123,601668,中国建筑,14:09:37,9.65,51600,9.66,卖盘
124,601668,中国建筑,14:09:31,9.65,148500,9.65,卖盘
125,601668,中国建筑,14:06:37,9.66,290700,9.65,买盘
126,601668,中国建筑,14:05:13,9.66,61300,9.66,买盘
127,601668,中国建筑,14:04:49,9.66,78400,9.66,买盘
128,601668,中国建筑,14:04:46,9.66,43100,9.67,卖盘
129,601668,中国建筑,14:01:46,9.67,57500,9.67,买盘
130,601668,中国建筑,14:01:25,9.67,85100,9.67,卖盘
131,601668,中国建筑,14:00:55,9.67,179700,9.67,买盘
132,601668,中国建筑,13:57:58,9.67,82500,9.67,买盘
133,601668,中国建筑,13:57:07,9.67,78900,9.67,买盘
134,601668,中国建筑,13:56:06,9.67,53100,9.66,买盘
135,601668,中国建筑,13:55:03,9.67,57900,9.67,买盘
136,601668,中国建筑,13:55:00,9.67,62900,9.67,买盘
137,601668,中国建筑,13:54:09,9.67,60300,9.67,买盘
138,601668,中国建筑,13:53:51,9.67,45300,9.66,买盘
139,601668,中国建筑,13:53:18,9.66,42987,9.66,买盘
140,601668,中国建筑,13:53:15,9.66,51200,9.66,买盘
141,601668,中国建筑,13:52:48,9.66,50100,9.66,买盘
142,601668,中国建筑,13:52:30,9.66,122400,9.66,买盘
143,601668,中国建筑,13:51:00,9.65,71700,9.64,买盘
144,601668,中国建筑,13:48:31,9.65,51700,9.65,买盘
145,601668,中国建筑,13:46:58,9.64,251600,9.66,卖盘
146,601668,中国建筑,13:45:46,9.65,63900,9.66,卖盘
147,601668,中国建筑,13:43:43,9.66,92400,9.65,买盘
148,601668,中国建筑,13:43:07,9.65,50100,9.66,卖盘
149,601668,中国建筑,13:41:07,9.65,86600,9.65,买盘
150,601668,中国建筑,13:40:22,9.65,57300,9.65,买盘
151,601668,中国建筑,13:38:19,9.64,51400,9.64,买盘
152,601668,中国建筑,13:36:13,9.64,56300,9.63,买盘
153,601668,中国建筑,13:35:40,9.64,113400,9.64,卖盘
154,601668,中国建筑,13:35:31,9.64,95200,9.64,卖盘
155,601668,中国建筑,13:35:28,9.64,200200,9.65,卖盘
156,601668,中国建筑,13:33:57,9.64,85800,9.65,卖盘
157,601668,中国建筑,13:33:09,9.64,103200,9.64,卖盘
158,601668,中国建筑,13:32:00,9.64,102300,9.65,卖盘
159,601668,中国建筑,13:31:15,9.64,40400,9.64,卖盘
160,601668,中国建筑,13:31:12,9.64,102400,9.65,卖盘
161,601668,中国建筑,13:30:27,9.65,46600,9.65,买盘
162,601668,中国建筑,13:30:15,9.64,59000,9.64,卖盘
163,601668,中国建筑,13:29:45,9.65,96400,9.64,买盘
164,601668,中国建筑,13:29:00,9.63,153123,9.64,卖盘
165,601668,中国建筑,13:27:40,9.65,202300,9.64,买盘
166,601668,中国建筑,13:27:37,9.64,275000,9.65,卖盘
167,601668,中国建筑,13:23:16,9.66,79400,9.65,买盘
168,601668,中国建筑,13:23:10,9.65,99600,9.66,卖盘
169,601668,中国建筑,13:22:13,9.66,109300,9.66,买盘
170,601668,中国建筑,13:19:49,9.65,40600,9.65,买盘
171,601668,中国建筑,13:19:10,9.64,205300,9.65,卖盘
172,601668,中国建筑,13:17:28,9.64,231300,9.66,卖盘
173,601668,中国建筑,13:16:55,9.66,43713,9.66,卖盘
174,601668,中国建筑,13:16:43,9.66,71287,9.66,买盘
175,601668,中国建筑,13:14:37,9.65,75800,9.65,买盘
176,601668,中国建筑,13:14:31,9.65,53400,9.65,买盘
177,601668,中国建筑,13:13:34,9.64,153700,9.64,买盘
178,601668,中国建筑,13:13:31,9.64,48000,9.64,买盘
179,601668,中国建筑,13:12:45,9.64,264000,9.65,卖盘
180,601668,中国建筑,13:11:09,9.65,789600,9.66,卖盘
181,601668,中国建筑,13:10:42,9.66,100200,9.66,买盘
182,601668,中国建筑,13:10:39,9.66,313613,9.67,卖盘
183,601668,中国建筑,13:09:24,9.67,100500,9.66,买盘
184,601668,中国建筑,13:09:12,9.66,47387,9.65,买盘
185,601668,中国建筑,13:08:30,9.66,40000,9.66,买盘
186,601668,中国建筑,13:08:27,9.66,409083,9.67,卖盘
187,601668,中国建筑,13:08:21,9.67,137500,9.67,买盘
188,601668,中国建筑,13:07:36,9.67,106900,9.67,买盘
189,601668,中国建筑,13:07:24,9.67,59100,9.67,买盘
190,601668,中国建筑,13:06:54,9.66,121300,9.67,卖盘
191,601668,中国建筑,13:06:11,9.67,505400,9.67,买盘
192,601668,中国建筑,13:05:54,9.67,305900,9.67,卖盘
193,601668,中国建筑,13:02:46,9.67,50000,9.67,卖盘
194,601668,中国建筑,13:00:49,9.68,42030,9.68,卖盘
195,601668,中国建筑,13:00:07,9.68,45600,9.68,卖盘
196,601668,中国建筑,13:00:04,9.68,228200,9.68,卖盘
197,601668,中国建筑,13:00:01,9.68,227600,9.68,卖盘
198,601668,中国建筑,11:29:44,9.68,105400,9.69,卖盘
199,601668,中国建筑,11:29:25,9.69,107900,9.69,买盘
200,601668,中国建筑,11:28:01,9.68,53200,9.68,买盘
201,601668,中国建筑,11:26:52,9.68,54200,9.67,买盘
202,601668,中国建筑,11:26:40,9.67,87800,9.68,卖盘
203,601668,中国建筑,11:26:10,9.68,451600,9.67,买盘
204,601668,中国建筑,11:25:37,9.68,243400,9.68,买盘
205,601668,中国建筑,11:24:13,9.68,149300,9.69,卖盘
206,601668,中国建筑,11:23:43,9.68,55000,9.68,卖盘
207,601668,中国建筑,11:23:13,9.69,144900,9.69,买盘
208,601668,中国建筑,11:21:49,9.69,272000,9.69,卖盘
209,601668,中国建筑,11:20:31,9.69,79300,9.69,买盘
210,601668,中国建筑,11:20:00,9.69,52800,9.69,买盘
211,601668,中国建筑,11:19:19,9.69,48700,9.69,买盘
212,601668,中国建筑,11:17:10,9.68,199200,9.69,卖盘
213,601668,中国建筑,11:15:57,9.69,49800,9.68,买盘
214,601668,中国建筑,11:15:09,9.69,45100,9.68,买盘
215,601668,中国建筑,11:14:51,9.68,43521,9.68,卖盘
216,601668,中国建筑,11:14:48,9.68,400000,9.68,卖盘
217,601668,中国建筑,11:14:00,9.69,60800,9.69,买盘
218,601668,中国建筑,11:13:21,9.69,41700,9.69,买盘
219,601668,中国建筑,11:13:06,9.69,174600,9.69,卖盘
220,601668,中国建筑,11:12:00,9.69,66500,9.69,卖盘
221,601668,中国建筑,11:11:42,9.69,91700,9.7,卖盘
222,601668,中国建筑,11:11:39,9.7,90800,9.69,买盘
223,601668,中国建筑,11:11:02,9.69,70000,9.7,卖盘
224,601668,中国建筑,11:10:50,9.7,82300,9.69,买盘
225,601668,中国建筑,11:10:26,9.7,92900,9.7,买盘
226,601668,中国建筑,11:10:20,9.7,82500,9.7,买盘
227,601668,中国建筑,11:10:14,9.7,290100,9.7,卖盘
228,601668,中国建筑,11:10:11,9.7,81000,9.71,卖盘
229,601668,中国建筑,11:08:56,9.71,45200,9.71,买盘
230,601668,中国建筑,11:08:11,9.71,45900,9.7,买盘
231,601668,中国建筑,11:07:59,9.7,73400,9.71,卖盘
232,601668,中国建筑,11:07:20,9.71,139600,9.71,买盘
233,601668,中国建筑,11:06:48,9.71,198634,9.71,买盘
234,601668,中国建筑,11:06:46,9.71,45000,9.71,买盘
235,601668,中国建筑,11:06:31,9.71,61500,9.71,买盘
236,601668,中国建筑,11:06:10,9.71,43178,9.71,买盘
237,601668,中国建筑,11:05:58,9.71,51222,9.72,卖盘
238,601668,中国建筑,11:05:22,9.71,46678,9.71,买盘
239,601668,中国建筑,11:04:58,9.71,106000,9.71,买盘
240,601668,中国建筑,11:04:55,9.71,122700,9.71,买盘
241,601668,中国建筑,11:04:33,9.71,80500,9.71,买盘
242,601668,中国建筑,11:04:27,9.71,170100,9.71,卖盘
243,601668,中国建筑,11:04:16,9.72,43000,9.71,买盘
244,601668,中国建筑,11:04:07,9.72,57200,9.7,买盘
245,601668,中国建筑,11:04:04,9.7,430300,9.71,卖盘
246,601668,中国建筑,11:03:52,9.71,338500,9.71,买盘
247,601668,中国建筑,11:03:49,9.71,63500,9.7,买盘
248,601668,中国建筑,11:03:46,9.7,323900,9.71,卖盘
249,601668,中国建筑,11:03:31,9.69,71900,9.7,卖盘
250,601668,中国建筑,11:03:28,9.7,323600,9.7,买盘
251,601668,中国建筑,11:03:07,9.69,45900,9.7,卖盘
252,601668,中国建筑,11:02:22,9.7,45800,9.69,买盘
253,601668,中国建筑,11:02:10,9.69,67600,9.7,卖盘
254,601668,中国建筑,11:01:48,9.7,42900,9.69,买盘
255,601668,中国建筑,11:01:28,9.7,66000,9.7,买盘
256,601668,中国建筑,11:01:19,9.69,61300,9.7,卖盘
257,601668,中国建筑,11:01:04,9.69,76900,9.7,卖盘
258,601668,中国建筑,11:00:52,9.7,77200,9.7,买盘
259,601668,中国建筑,11:00:25,9.7,223100,9.7,买盘
260,601668,中国建筑,10:59:33,9.7,43900,9.7,买盘
261,601668,中国建筑,10:59:19,9.7,58700,9.7,买盘
262,601668,中国建筑,10:59:10,9.69,141300,9.69,卖盘
263,601668,中国建筑,10:58:46,9.69,74200,9.69,买盘
264,601668,中国建筑,10:58:34,9.69,44500,9.69,卖盘
265,601668,中国建筑,10:58:31,9.69,219100,9.69,卖盘
266,601668,中国建筑,10:58:25,9.7,66300,9.69,买盘
267,601668,中国建筑,10:58:15,9.69,233500,9.69,卖盘
268,601668,中国建筑,10:58:04,9.7,57000,9.7,买盘
269,601668,中国建筑,10:57:52,9.7,41300,9.69,买盘
270,601668,中国建筑,10:56:54,9.7,105500,9.69,买盘
271,601668,中国建筑,10:56:48,9.69,359500,9.68,买盘
272,601668,中国建筑,10:56:40,9.68,132100,9.69,卖盘
273,601668,中国建筑,10:56:22,9.69,72100,9.7,卖盘
274,601668,中国建筑,10:56:19,9.7,97200,9.69,买盘
275,601668,中国建筑,10:56:07,9.69,134500,9.7,卖盘
276,601668,中国建筑,10:55:49,9.7,42600,9.7,买盘
277,601668,中国建筑,10:55:28,9.69,56400,9.69,买盘
278,601668,中国建筑,10:54:58,9.69,59300,9.7,卖盘
279,601668,中国建筑,10:54:55,9.7,105400,9.69,买盘
280,601668,中国建筑,10:54:49,9.7,214500,9.7,买盘
281,601668,中国建筑,10:54:42,9.7,269500,9.7,卖盘
282,601668,中国建筑,10:54:40,9.7,118500,9.7,卖盘
283,601668,中国建筑,10:54:34,9.71,105300,9.71,买盘
284,601668,中国建筑,10:54:28,9.71,197600,9.71,买盘
285,601668,中国建筑,10:54:21,9.71,69600,9.71,买盘
286,601668,中国建筑,10:54:16,9.71,393400,9.72,卖盘
287,601668,中国建筑,10:54:10,9.72,80800,9.71,买盘
288,601668,中国建筑,10:54:06,9.71,40700,9.72,卖盘
289,601668,中国建筑,10:53:57,9.72,115700,9.72,买盘
290,601668,中国建筑,10:53:51,9.71,83300,9.71,卖盘
291,601668,中国建筑,10:53:42,9.71,111600,9.71,买盘
292,601668,中国建筑,10:53:39,9.71,90200,9.71,买盘
293,601668,中国建筑,10:53:36,9.71,679400,9.71,买盘
294,601668,中国建筑,10:53:21,9.71,45500,9.71,买盘
295,601668,中国建筑,10:53:09,9.71,60000,9.7,买盘
296,601668,中国建筑,10:53:06,9.7,40300,9.7,买盘
297,601668,中国建筑,10:53:03,9.7,253900,9.71,卖盘
298,601668,中国建筑,10:53:00,9.71,82100,9.71,买盘
299,601668,中国建筑,10:52:57,9.71,60200,9.71,买盘
300,601668,中国建筑,10:52:54,9.71,53600,9.71,买盘
301,601668,中国建筑,10:52:48,9.7,46300,9.71,卖盘
302,601668,中国建筑,10:52:45,9.71,74700,9.71,买盘
303,601668,中国建筑,10:52:42,9.71,67300,9.71,买盘
304,601668,中国建筑,10:52:39,9.71,67900,9.7,买盘
305,601668,中国建筑,10:52:36,9.7,58500,9.71,卖盘
306,601668,中国建筑,10:52:33,9.71,49600,9.7,买盘
307,601668,中国建筑,10:52:30,9.7,168500,9.72,卖盘
308,601668,中国建筑,10:52:24,9.72,46200,9.72,买盘
309,601668,中国建筑,10:52:21,9.72,50000,9.72,买盘
310,601668,中国建筑,10:52:18,9.72,54000,9.72,买盘
311,601668,中国建筑,10:52:15,9.72,210800,9.73,卖盘
312,601668,中国建筑,10:52:12,9.73,284000,9.73,买盘
313,601668,中国建筑,10:52:09,9.73,129400,9.73,买盘
314,601668,中国建筑,10:52:06,9.73,68500,9.73,买盘
315,601668,中国建筑,10:52:03,9.73,595600,9.72,买盘
316,601668,中国建筑,10:52:00,9.72,242100,9.74,卖盘
317,601668,中国建筑,10:51:57,9.74,142000,9.73,买盘
318,601668,中国建筑,10:51:54,9.73,88600,9.72,买盘
319,601668,中国建筑,10:51:51,9.72,77800,9.72,卖盘
320,601668,中国建筑,10:51:48,9.72,541900,9.72,买盘
321,601668,中国建筑,10:51:45,9.72,208600,9.72,买盘
322,601668,中国建筑,10:51:42,9.72,281600,9.72,买盘
323,601668,中国建筑,10:51:39,9.72,356800,9.71,买盘
324,601668,中国建筑,10:51:33,9.71,104000,9.71,买盘
325,601668,中国建筑,10:51:21,9.71,1056200,9.7,买盘
326,601668,中国建筑,10:51:09,9.7,677000,9.69,买盘
327,601668,中国建筑,10:51:03,9.69,76200,9.69,买盘
328,601668,中国建筑,10:50:51,9.68,58000,9.68,卖盘
329,601668,中国建筑,10:50:45,9.68,160257,9.68,买盘
330,601668,中国建筑,10:50:42,9.68,286000,9.68,买盘
331,601668,中国建筑,10:50:36,9.68,155700,9.67,买盘
332,601668,中国建筑,10:50:33,9.67,107100,9.68,卖盘
333,601668,中国建筑,10:50:30,9.68,114100,9.68,买盘
334,601668,中国建筑,10:50:27,9.68,132000,9.68,买盘
335,601668,中国建筑,10:50:24,9.68,113600,9.68,买盘
336,601668,中国建筑,10:50:18,9.68,43500,9.68,买盘
337,601668,中国建筑,10:50:15,9.68,43400,9.68,买盘
338,601668,中国建筑,10:50:09,9.67,45900,9.68,卖盘
339,601668,中国建筑,10:49:54,9.67,106700,9.67,买盘
340,601668,中国建筑,10:49:42,9.67,63200,9.67,买盘
341,601668,中国建筑,10:49:21,9.66,146600,9.68,卖盘
342,601668,中国建筑,10:48:59,9.67,44100,9.68,中性盘
343,601668,中国建筑,10:48:56,9.68,57800,9.67,买盘
344,601668,中国建筑,10:48:47,9.67,61700,9.67,买盘
345,601668,中国建筑,10:48:44,9.67,57400,9.67,买盘
346,601668,中国建筑,10:48:38,9.67,46900,9.67,买盘
347,601668,中国建筑,10:48:35,9.67,116100,9.67,买盘
348,601668,中国建筑,10:48:32,9.67,72000,9.67,买盘
349,601668,中国建筑,10:48:29,9.67,133800,9.67,买盘
350,601668,中国建筑,10:48:17,9.66,266800,9.66,买盘
351,601668,中国建筑,10:48:02,9.66,131900,9.66,买盘
352,601668,中国建筑,10:47:56,9.66,47000,9.66,买盘
353,601668,中国建筑,10:47:47,9.65,41900,9.65,卖盘
354,601668,中国建筑,10:47:44,9.65,176525,9.64,买盘
355,601668,中国建筑,10:47:41,9.64,58200,9.65,卖盘
356,601668,中国建筑,10:47:35,9.65,113400,9.64,买盘
357,601668,中国建筑,10:47:32,9.64,94100,9.65,卖盘
358,601668,中国建筑,10:47:29,9.65,112400,9.65,买盘
359,601668,中国建筑,10:47:26,9.65,108700,9.65,买盘
360,601668,中国建筑,10:47:20,9.65,163500,9.65,买盘
361,601668,中国建筑,10:47:17,9.65,70800,9.65,买盘
362,601668,中国建筑,10:47:14,9.65,101200,9.65,买盘
363,601668,中国建筑,10:46:47,9.64,111100,9.64,买盘
364,601668,中国建筑,10:46:35,9.64,101800,9.63,买盘
365,601668,中国建筑,10:45:50,9.63,69600,9.63,卖盘
366,601668,中国建筑,10:45:20,9.63,91100,9.64,卖盘
367,601668,中国建筑,10:44:56,9.63,104700,9.64,卖盘
368,601668,中国建筑,10:44:14,9.63,114900,9.63,卖盘
369,601668,中国建筑,10:42:57,9.64,42700,9.63,买盘
370,601668,中国建筑,10:41:58,9.64,101100,9.64,买盘
371,601668,中国建筑,10:41:43,9.63,45983,9.62,买盘
372,601668,中国建筑,10:41:28,9.63,85000,9.63,买盘
373,601668,中国建筑,10:40:58,9.63,60200,9.63,买盘
374,601668,中国建筑,10:40:45,9.63,56900,9.62,买盘
375,601668,中国建筑,10:40:33,9.63,92200,9.63,买盘
376,601668,中国建筑,10:40:25,9.63,458400,9.62,买盘
377,601668,中国建筑,10:38:27,9.63,189756,9.62,买盘
378,601668,中国建筑,10:38:22,9.62,41400,9.62,买盘
379,601668,中国建筑,10:38:19,9.62,64800,9.62,买盘
380,601668,中国建筑,10:38:06,9.62,40900,9.62,买盘
381,601668,中国建筑,10:37:51,9.62,58200,9.62,买盘
382,601668,中国建筑,10:37:18,9.61,50700,9.61,卖盘
383,601668,中国建筑,10:34:42,9.61,51300,9.61,卖盘
384,601668,中国建筑,10:33:48,9.61,74600,9.62,卖盘
385,601668,中国建筑,10:33:18,9.61,43700,9.62,卖盘
386,601668,中国建筑,10:33:15,9.62,63700,9.61,买盘
387,601668,中国建筑,10:31:18,9.61,120400,9.62,卖盘
388,601668,中国建筑,10:30:15,9.62,58300,9.62,买盘
389,601668,中国建筑,10:28:00,9.61,121800,9.61,买盘
390,601668,中国建筑,10:26:57,9.61,139800,9.6,买盘
391,601668,中国建筑,10:26:35,9.6,87400,9.61,卖盘
392,601668,中国建筑,10:26:24,9.61,72900,9.6,买盘
393,601668,中国建筑,10:26:21,9.6,302600,9.61,卖盘
394,601668,中国建筑,10:26:08,9.61,52800,9.6,买盘
395,601668,中国建筑,10:26:00,9.61,241200,9.61,买盘
396,601668,中国建筑,10:25:47,9.61,68000,9.61,卖盘
397,601668,中国建筑,10:24:08,9.63,100100,9.62,买盘
398,601668,中国建筑,10:23:56,9.62,487200,9.61,买盘
399,601668,中国建筑,10:23:38,9.62,40100,9.63,卖盘
400,601668,中国建筑,10:23:35,9.63,56600,9.62,买盘
401,601668,中国建筑,10:23:32,9.62,65900,9.63,卖盘
402,601668,中国建筑,10:21:56,9.63,152000,9.62,买盘
403,601668,中国建筑,10:21:36,9.62,157600,9.61,买盘
404,601668,中国建筑,10:19:27,9.61,592700,9.61,卖盘
405,601668,中国建筑,10:17:03,9.62,216200,9.63,卖盘
406,601668,中国建筑,10:16:33,9.62,84800,9.61,买盘
407,601668,中国建筑,10:15:15,9.62,40700,9.62,买盘
408,601668,中国建筑,10:14:42,9.61,150000,9.62,卖盘
409,601668,中国建筑,10:13:30,9.61,166100,9.61,卖盘
410,601668,中国建筑,10:12:51,9.61,46000,9.62,卖盘
411,601668,中国建筑,10:12:39,9.61,152200,9.62,卖盘
412,601668,中国建筑,10:12:36,9.62,228200,9.62,买盘
413,601668,中国建筑,10:12:30,9.62,46100,9.61,买盘
414,601668,中国建筑,10:12:00,9.61,49300,9.61,卖盘
415,601668,中国建筑,10:11:57,9.61,503000,9.61,卖盘
416,601668,中国建筑,10:11:33,9.61,71400,9.61,卖盘
417,601668,中国建筑,10:10:51,9.62,197747,9.62,卖盘
418,601668,中国建筑,10:10:33,9.62,40100,9.62,卖盘
419,601668,中国建筑,10:10:09,9.63,60000,9.62,买盘
420,601668,中国建筑,10:10:06,9.62,478700,9.63,卖盘
421,601668,中国建筑,10:09:48,9.62,57300,9.63,卖盘
422,601668,中国建筑,10:09:18,9.62,123200,9.63,卖盘
423,601668,中国建筑,10:08:42,9.63,53600,9.63,买盘
424,601668,中国建筑,10:08:06,9.63,127100,9.64,卖盘
425,601668,中国建筑,10:07:18,9.63,306700,9.64,卖盘
426,601668,中国建筑,10:06:39,9.63,52100,9.64,卖盘
427,601668,中国建筑,10:04:18,9.63,69600,9.64,卖盘
428,601668,中国建筑,10:03:02,9.63,77200,9.63,卖盘
429,601668,中国建筑,10:02:59,9.63,129200,9.63,卖盘
430,601668,中国建筑,10:02:47,9.63,40500,9.63,卖盘
431,601668,中国建筑,10:02:08,9.63,93000,9.63,卖盘
432,601668,中国建筑,10:01:56,9.63,187900,9.63,买盘
433,601668,中国建筑,10:01:17,9.63,52500,9.63,买盘
434,601668,中国建筑,09:59:56,9.63,156000,9.63,买盘
435,601668,中国建筑,09:58:57,9.63,44400,9.63,买盘
436,601668,中国建筑,09:57:24,9.62,42100,9.62,卖盘
437,601668,中国建筑,09:57:06,9.62,58053,9.62,买盘
438,601668,中国建筑,09:56:51,9.61,50300,9.62,卖盘
439,601668,中国建筑,09:56:45,9.62,193050,9.62,卖盘
440,601668,中国建筑,09:56:36,9.62,69400,9.62,卖盘
441,601668,中国建筑,09:54:57,9.63,83400,9.63,买盘
442,601668,中国建筑,09:54:48,9.62,206000,9.63,卖盘
443,601668,中国建筑,09:54:24,9.62,106800,9.63,卖盘
444,601668,中国建筑,09:53:42,9.62,99000,9.62,卖盘
445,601668,中国建筑,09:53:39,9.62,58700,9.62,卖盘
446,601668,中国建筑,09:53:36,9.62,43200,9.62,卖盘
447,601668,中国建筑,09:53:12,9.62,72500,9.63,卖盘
448,601668,中国建筑,09:52:45,9.62,56400,9.62,卖盘
449,601668,中国建筑,09:52:18,9.62,40700,9.62,卖盘
450,601668,中国建筑,09:52:15,9.62,388800,9.63,卖盘
451,601668,中国建筑,09:52:00,9.62,60600,9.63,卖盘
452,601668,中国建筑,09:50:15,9.62,60400,9.63,卖盘
453,601668,中国建筑,09:49:54,9.62,79500,9.62,卖盘
454,601668,中国建筑,09:49:18,9.63,50000,9.62,买盘
455,601668,中国建筑,09:49:15,9.62,47800,9.63,卖盘
456,601668,中国建筑,09:48:57,9.62,48700,9.63,卖盘
457,601668,中国建筑,09:47:48,9.64,57500,9.63,买盘
458,601668,中国建筑,09:47:45,9.63,70300,9.63,卖盘
459,601668,中国建筑,09:47:39,9.63,49100,9.63,卖盘
460,601668,中国建筑,09:47:36,9.63,45700,9.63,卖盘
461,601668,中国建筑,09:47:27,9.63,60900,9.63,卖盘
462,601668,中国建筑,09:47:24,9.63,50000,9.63,卖盘
463,601668,中国建筑,09:47:21,9.63,54500,9.63,卖盘
464,601668,中国建筑,09:47:09,9.63,49300,9.63,卖盘
465,601668,中国建筑,09:46:21,9.63,42200,9.63,卖盘
466,601668,中国建筑,09:46:06,9.63,156100,9.63,卖盘
467,601668,中国建筑,09:46:00,9.64,58000,9.64,买盘
468,601668,中国建筑,09:45:36,9.64,59100,9.63,买盘
469,601668,中国建筑,09:45:21,9.64,46600,9.64,买盘
470,601668,中国建筑,09:44:21,9.64,69400,9.63,买盘
471,601668,中国建筑,09:44:00,9.64,100000,9.64,卖盘
472,601668,中国建筑,09:43:48,9.65,64500,9.64,买盘
473,601668,中国建筑,09:43:42,9.64,126500,9.65,卖盘
474,601668,中国建筑,09:43:39,9.65,112700,9.65,买盘
475,601668,中国建筑,09:43:06,9.65,48800,9.65,买盘
476,601668,中国建筑,09:42:53,9.65,54600,9.65,卖盘
477,601668,中国建筑,09:42:50,9.65,44800,9.64,卖盘
478,601668,中国建筑,09:42:47,9.64,80800,9.65,卖盘
479,601668,中国建筑,09:42:33,9.65,132100,9.65,卖盘
480,601668,中国建筑,09:42:20,9.65,78800,9.65,买盘
481,601668,中国建筑,09:41:59,9.65,64900,9.65,卖盘
482,601668,中国建筑,09:41:47,9.65,50000,9.66,卖盘
483,601668,中国建筑,09:41:35,9.66,46600,9.65,买盘
484,601668,中国建筑,09:41:14,9.66,42200,9.65,买盘
485,601668,中国建筑,09:41:08,9.65,59300,9.65,买盘
486,601668,中国建筑,09:40:53,9.65,50400,9.65,买盘
487,601668,中国建筑,09:40:41,9.66,52900,9.64,买盘
488,601668,中国建筑,09:40:38,9.64,61400,9.65,卖盘
489,601668,中国建筑,09:40:35,9.65,114600,9.64,买盘
490,601668,中国建筑,09:40:20,9.65,67000,9.65,买盘
491,601668,中国建筑,09:39:59,9.65,53000,9.64,买盘
492,601668,中国建筑,09:39:11,9.65,87700,9.62,买盘
493,601668,中国建筑,09:39:05,9.61,46900,9.6,卖盘
494,601668,中国建筑,09:39:02,9.6,333700,9.61,卖盘
495,601668,中国建筑,09:38:59,9.61,52900,9.62,卖盘
496,601668,中国建筑,09:38:47,9.63,2013600,9.63,卖盘
497,601668,中国建筑,09:38:35,9.64,41700,9.64,买盘
498,601668,中国建筑,09:38:28,9.63,56200,9.63,卖盘
499,601668,中国建筑,09:38:12,9.63,57900,9.64,卖盘
500,601668,中国建筑,09:37:51,9.64,42000,9.63,买盘
501,601668,中国建筑,09:36:57,9.63,60200,9.62,买盘
502,601668,中国建筑,09:36:39,9.62,111300,9.63,卖盘
503,601668,中国建筑,09:36:24,9.63,57900,9.63,买盘
504,601668,中国建筑,09:36:12,9.63,63900,9.63,买盘
505,601668,中国建筑,09:36:09,9.63,86200,9.62,买盘
506,601668,中国建筑,09:35:51,9.63,53400,9.62,买盘
507,601668,中国建筑,09:35:18,9.63,65300,9.63,买盘
508,601668,中国建筑,09:35:03,9.63,65200,9.64,卖盘
509,601668,中国建筑,09:34:27,9.64,70000,9.64,买盘
510,601668,中国建筑,09:34:03,9.62,46800,9.63,卖盘
511,601668,中国建筑,09:33:12,9.62,55900,9.63,卖盘
512,601668,中国建筑,09:33:03,9.63,51180,9.62,买盘
513,601668,中国建筑,09:32:54,9.63,59900,9.62,买盘
514,601668,中国建筑,09:32:45,9.62,45600,9.62,买盘
515,601668,中国建筑,09:32:30,9.62,57700,9.62,买盘
516,601668,中国建筑,09:32:15,9.62,78700,9.62,卖盘
517,601668,中国建筑,09:32:12,9.62,45600,9.63,卖盘
518,601668,中国建筑,09:31:57,9.63,125100,9.61,买盘
519,601668,中国建筑,09:31:48,9.61,88300,9.6,买盘
520,601668,中国建筑,09:31:36,9.61,65400,9.61,买盘
521,601668,中国建筑,09:31:27,9.61,72300,9.61,买盘
522,601668,中国建筑,09:31:06,9.61,57300,9.61,买盘
523,601668,中国建筑,09:30:39,9.6,52200,9.61,卖盘
524,601668,中国建筑,09:30:12,9.61,42800,9.61,买盘
525,601668,中国建筑,09:30:06,9.61,138300,9.62,卖盘
526,601668,中国建筑,09:30:03,9.62,376200,9.62,买盘
527,601668,中国建筑,09:30:00,9.62,70400,9.61,买盘
528,601668,中国建筑,09:25:03,9.61,363500,0.0,买盘
