,code,name,time,price,volume,preprice,type
0,002701,奥瑞金,15:00:03,6.39,59500,6.4,卖盘
1,002701,奥瑞金,14:51:57,6.41,102400,6.4,买盘
2,002701,奥瑞金,14:50:54,6.41,108889,6.4,买盘
3,002701,奥瑞金,14:50:03,6.41,64400,6.41,买盘
4,002701,奥瑞金,14:49:45,6.41,81811,6.41,卖盘
5,002701,奥瑞金,14:48:00,6.41,40000,6.41,买盘
6,002701,奥瑞金,14:47:09,6.41,80000,6.41,买盘
7,002701,奥瑞金,14:46:15,6.41,50000,6.4,买盘
8,002701,奥瑞金,14:43:12,6.41,90000,6.41,买盘
9,002701,奥瑞金,14:42:12,6.4,60400,6.4,买盘
10,002701,奥瑞金,14:35:24,6.4,90000,6.39,买盘
11,002701,奥瑞金,14:33:57,6.4,60000,6.39,买盘
12,002701,奥瑞金,14:33:00,6.4,60600,6.39,买盘
13,002701,奥瑞金,14:32:27,6.39,96600,6.39,买盘
14,002701,奥瑞金,14:19:30,6.39,51400,6.38,买盘
15,002701,奥瑞金,14:16:27,6.37,290800,6.39,卖盘
16,002701,奥瑞金,14:10:09,6.4,75100,6.4,买盘
17,002701,奥瑞金,14:07:51,6.39,47240,6.39,卖盘
18,002701,奥瑞金,14:07:12,6.39,95680,6.39,卖盘
19,002701,奥瑞金,14:06:09,6.4,40500,6.39,买盘
20,002701,奥瑞金,14:03:33,6.4,160300,6.4,卖盘
21,002701,奥瑞金,14:01:27,6.39,84300,6.4,卖盘
22,002701,奥瑞金,14:01:21,6.4,133700,6.4,买盘
23,002701,奥瑞金,14:00:15,6.39,60500,6.39,买盘
24,002701,奥瑞金,13:59:00,6.38,235640,6.38,买盘
25,002701,奥瑞金,13:55:33,6.37,60600,6.36,买盘
26,002701,奥瑞金,13:55:00,6.37,49800,6.36,买盘
27,002701,奥瑞金,13:51:54,6.36,46400,6.36,卖盘
28,002701,奥瑞金,13:43:03,6.36,57600,6.35,买盘
29,002701,奥瑞金,13:35:51,6.36,51000,6.35,买盘
30,002701,奥瑞金,13:24:39,6.35,150000,6.35,卖盘
31,002701,奥瑞金,13:16:39,6.35,50000,6.35,卖盘
32,002701,奥瑞金,13:04:09,6.35,200000,6.36,卖盘
33,002701,奥瑞金,13:01:00,6.36,93932,6.36,卖盘
34,002701,奥瑞金,11:13:30,6.37,40000,6.37,买盘
35,002701,奥瑞金,11:11:54,6.36,47660,6.35,买盘
36,002701,奥瑞金,10:52:06,6.35,50000,6.35,卖盘
37,002701,奥瑞金,10:43:06,6.36,80000,6.35,买盘
38,002701,奥瑞金,10:29:21,6.34,130400,6.34,卖盘
39,002701,奥瑞金,10:26:48,6.35,80000,6.35,卖盘
40,002701,奥瑞金,10:23:51,6.35,83300,6.36,卖盘
41,002701,奥瑞金,10:11:39,6.35,59560,6.35,卖盘
42,002701,奥瑞金,10:06:33,6.36,57500,6.35,买盘
43,002701,奥瑞金,09:53:57,6.33,57000,6.34,卖盘
44,002701,奥瑞金,09:53:27,6.33,100000,6.33,卖盘
45,002701,奥瑞金,09:53:00,6.34,100800,6.34,买盘
46,002701,奥瑞金,09:52:27,6.34,41260,6.35,卖盘
47,002701,奥瑞金,09:50:33,6.34,50000,6.34,卖盘
48,002701,奥瑞金,09:50:06,6.34,52100,6.34,卖盘
49,002701,奥瑞金,09:37:39,6.33,70400,6.33,卖盘
50,002701,奥瑞金,09:36:06,6.33,101100,6.33,卖盘
