,code,name,time,price,volume,preprice,type
0,601608,中信重工,14:59:59,5.52,55500,5.53,卖盘
1,601608,中信重工,14:59:52,5.53,76700,5.53,买盘
2,601608,中信重工,14:59:46,5.53,130000,5.54,卖盘
3,601608,中信重工,14:59:40,5.55,169800,5.54,买盘
4,601608,中信重工,14:59:34,5.54,109200,5.55,卖盘
5,601608,中信重工,14:59:19,5.55,47400,5.56,卖盘
6,601608,中信重工,14:59:16,5.56,56500,5.56,买盘
7,601608,中信重工,14:59:10,5.56,154300,5.56,买盘
8,601608,中信重工,14:58:46,5.56,47092,5.57,卖盘
9,601608,中信重工,14:58:40,5.56,86600,5.57,卖盘
10,601608,中信重工,14:58:37,5.57,48800,5.56,买盘
11,601608,中信重工,14:58:31,5.56,51000,5.57,卖盘
12,601608,中信重工,14:58:25,5.57,152200,5.56,买盘
13,601608,中信重工,14:57:58,5.57,171000,5.58,卖盘
14,601608,中信重工,14:57:46,5.57,71200,5.57,卖盘
15,601608,中信重工,14:57:43,5.57,56100,5.58,卖盘
16,601608,中信重工,14:57:04,5.58,61700,5.57,买盘
17,601608,中信重工,14:56:55,5.57,42000,5.58,卖盘
18,601608,中信重工,14:56:46,5.57,58000,5.58,卖盘
19,601608,中信重工,14:56:34,5.57,65900,5.57,卖盘
20,601608,中信重工,14:56:28,5.58,75900,5.58,买盘
21,601608,中信重工,14:56:04,5.58,499200,5.59,卖盘
22,601608,中信重工,14:55:10,5.59,60000,5.59,卖盘
23,601608,中信重工,14:54:55,5.58,50000,5.59,卖盘
24,601608,中信重工,14:54:33,5.6,43900,5.59,买盘
25,601608,中信重工,14:54:22,5.58,112400,5.59,卖盘
26,601608,中信重工,14:54:09,5.59,42800,5.6,卖盘
27,601608,中信重工,14:53:56,5.59,101000,5.59,卖盘
28,601608,中信重工,14:53:38,5.59,112202,5.59,买盘
29,601608,中信重工,14:53:35,5.59,48400,5.59,买盘
30,601608,中信重工,14:53:08,5.59,143398,5.59,卖盘
31,601608,中信重工,14:52:44,5.59,64300,5.59,卖盘
32,601608,中信重工,14:51:05,5.6,151000,5.59,买盘
33,601608,中信重工,14:50:59,5.6,201500,5.6,买盘
34,601608,中信重工,14:50:08,5.6,49250,5.61,卖盘
35,601608,中信重工,14:49:29,5.61,235600,5.61,买盘
36,601608,中信重工,14:47:50,5.61,73000,5.61,买盘
37,601608,中信重工,14:47:26,5.6,44600,5.61,卖盘
38,601608,中信重工,14:44:38,5.6,163250,5.6,卖盘
39,601608,中信重工,14:44:14,5.6,52400,5.6,卖盘
40,601608,中信重工,14:43:50,5.6,291200,5.6,卖盘
41,601608,中信重工,14:43:28,5.6,49100,5.6,卖盘
42,601608,中信重工,14:43:07,5.6,65800,5.6,卖盘
43,601608,中信重工,14:43:04,5.6,111000,5.6,卖盘
44,601608,中信重工,14:42:22,5.6,62100,5.61,卖盘
45,601608,中信重工,14:41:58,5.61,46499,5.61,卖盘
46,601608,中信重工,14:41:34,5.61,119400,5.61,卖盘
47,601608,中信重工,14:41:28,5.61,56900,5.61,卖盘
48,601608,中信重工,14:40:19,5.61,105000,5.61,卖盘
49,601608,中信重工,14:35:41,5.64,124400,5.64,买盘
50,601608,中信重工,14:34:56,5.63,201850,5.63,卖盘
51,601608,中信重工,14:34:26,5.63,52400,5.63,卖盘
52,601608,中信重工,14:34:08,5.63,45100,5.63,买盘
53,601608,中信重工,14:33:44,5.63,150000,5.62,买盘
54,601608,中信重工,14:32:20,5.62,58600,5.63,卖盘
55,601608,中信重工,14:28:50,5.62,68100,5.62,卖盘
56,601608,中信重工,14:27:56,5.61,49700,5.61,卖盘
57,601608,中信重工,14:26:47,5.61,79700,5.61,卖盘
58,601608,中信重工,14:25:29,5.62,70000,5.62,卖盘
59,601608,中信重工,14:23:04,5.63,90000,5.62,买盘
60,601608,中信重工,14:17:15,5.62,46500,5.62,买盘
61,601608,中信重工,14:16:26,5.61,41000,5.62,卖盘
62,601608,中信重工,14:15:32,5.62,141200,5.62,卖盘
63,601608,中信重工,14:15:17,5.62,80000,5.62,卖盘
64,601608,中信重工,14:12:02,5.63,40100,5.63,卖盘
65,601608,中信重工,14:11:47,5.63,43064,5.64,卖盘
66,601608,中信重工,14:09:47,5.63,46300,5.63,卖盘
67,601608,中信重工,14:05:53,5.63,160000,5.64,卖盘
68,601608,中信重工,14:04:37,5.64,100000,5.64,买盘
69,601608,中信重工,14:04:07,5.64,69500,5.64,卖盘
70,601608,中信重工,14:03:21,5.64,198700,5.64,卖盘
71,601608,中信重工,13:56:44,5.64,109300,5.65,卖盘
72,601608,中信重工,13:56:14,5.65,41200,5.65,买盘
73,601608,中信重工,13:48:59,5.65,49100,5.65,卖盘
74,601608,中信重工,13:46:38,5.65,45600,5.66,卖盘
75,601608,中信重工,13:41:45,5.66,108300,5.66,卖盘
76,601608,中信重工,13:33:14,5.67,70200,5.66,买盘
77,601608,中信重工,13:32:17,5.66,99000,5.65,买盘
78,601608,中信重工,13:25:28,5.67,50000,5.66,买盘
79,601608,中信重工,13:24:13,5.66,46650,5.66,买盘
80,601608,中信重工,13:21:06,5.66,76100,5.66,买盘
81,601608,中信重工,13:15:48,5.66,68700,5.66,卖盘
82,601608,中信重工,13:13:44,5.66,41300,5.66,卖盘
83,601608,中信重工,13:13:32,5.66,64300,5.67,卖盘
84,601608,中信重工,13:11:35,5.67,117528,5.67,买盘
85,601608,中信重工,13:10:17,5.67,101500,5.67,买盘
86,601608,中信重工,13:09:59,5.67,119300,5.67,买盘
87,601608,中信重工,13:04:13,5.66,100000,5.66,买盘
88,601608,中信重工,13:00:03,5.66,82200,5.66,买盘
89,601608,中信重工,11:19:21,5.65,42500,5.65,卖盘
90,601608,中信重工,11:18:54,5.65,76700,5.65,卖盘
91,601608,中信重工,11:14:37,5.66,55000,5.65,买盘
92,601608,中信重工,11:14:22,5.66,136800,5.65,买盘
93,601608,中信重工,11:13:55,5.66,45000,5.65,买盘
94,601608,中信重工,11:09:37,5.65,40600,5.65,卖盘
95,601608,中信重工,11:09:04,5.65,64000,5.65,卖盘
96,601608,中信重工,11:06:52,5.65,55300,5.65,卖盘
97,601608,中信重工,11:02:40,5.65,68000,5.66,卖盘
98,601608,中信重工,10:59:00,5.65,50000,5.66,卖盘
99,601608,中信重工,10:58:39,5.66,48500,5.66,卖盘
100,601608,中信重工,10:58:03,5.66,40000,5.66,卖盘
101,601608,中信重工,10:57:18,5.67,76800,5.67,买盘
102,601608,中信重工,10:56:45,5.67,59000,5.67,买盘
103,601608,中信重工,10:56:39,5.67,103300,5.67,买盘
104,601608,中信重工,10:56:00,5.66,120500,5.66,买盘
105,601608,中信重工,10:55:41,5.66,100000,5.66,买盘
106,601608,中信重工,10:50:40,5.65,121450,5.65,卖盘
107,601608,中信重工,10:33:13,5.65,82700,5.64,买盘
108,601608,中信重工,10:29:22,5.64,200000,5.63,买盘
109,601608,中信重工,10:28:16,5.63,65000,5.63,买盘
110,601608,中信重工,10:22:54,5.63,41600,5.62,买盘
111,601608,中信重工,10:21:12,5.63,50000,5.62,买盘
112,601608,中信重工,10:17:57,5.61,150800,5.62,卖盘
113,601608,中信重工,10:16:42,5.61,100000,5.62,卖盘
114,601608,中信重工,10:14:29,5.61,51400,5.62,卖盘
115,601608,中信重工,10:13:19,5.61,231000,5.62,卖盘
116,601608,中信重工,10:12:46,5.62,284000,5.62,卖盘
117,601608,中信重工,10:11:34,5.63,48900,5.63,卖盘
118,601608,中信重工,10:09:49,5.63,199500,5.63,卖盘
119,601608,中信重工,10:01:49,5.64,91450,5.64,买盘
120,601608,中信重工,09:59:39,5.63,40000,5.63,卖盘
121,601608,中信重工,09:58:54,5.64,42900,5.63,买盘
122,601608,中信重工,09:53:12,5.64,51400,5.64,买盘
123,601608,中信重工,09:51:27,5.64,109200,5.64,卖盘
124,601608,中信重工,09:39:24,5.64,63300,5.64,卖盘
125,601608,中信重工,09:36:42,5.62,292000,5.62,买盘
126,601608,中信重工,09:36:21,5.61,40000,5.62,卖盘
127,601608,中信重工,09:36:09,5.61,96600,5.62,卖盘
128,601608,中信重工,09:35:17,5.62,63700,5.62,买盘
129,601608,中信重工,09:34:59,5.62,119800,5.63,卖盘
130,601608,中信重工,09:34:11,5.62,160000,5.62,卖盘
131,601608,中信重工,09:33:53,5.63,115000,5.64,卖盘
132,601608,中信重工,09:33:38,5.64,53500,5.64,买盘
133,601608,中信重工,09:31:21,5.64,105800,5.65,卖盘
134,601608,中信重工,09:25:02,5.63,56000,0.0,买盘
