,code,name,time,price,volume,preprice,type
0,601727,上海电气,14:59:52,7.58,40000,7.57,买盘
1,601727,上海电气,14:59:23,7.57,358100,7.56,买盘
2,601727,上海电气,14:59:19,7.56,74900,7.57,卖盘
3,601727,上海电气,14:59:13,7.57,53300,7.57,买盘
4,601727,上海电气,14:59:01,7.56,119000,7.56,卖盘
5,601727,上海电气,14:58:34,7.56,176800,7.56,买盘
6,601727,上海电气,14:58:22,7.56,40900,7.56,卖盘
7,601727,上海电气,14:58:19,7.56,44000,7.56,卖盘
8,601727,上海电气,14:57:55,7.56,161600,7.55,买盘
9,601727,上海电气,14:56:32,7.55,232614,7.55,买盘
10,601727,上海电气,14:55:31,7.55,47000,7.55,买盘
11,601727,上海电气,14:54:45,7.55,42700,7.55,卖盘
12,601727,上海电气,14:54:30,7.56,127300,7.55,买盘
13,601727,上海电气,14:54:25,7.55,52100,7.55,卖盘
14,601727,上海电气,14:54:20,7.56,41500,7.56,买盘
15,601727,上海电气,14:53:50,7.55,102600,7.55,买盘
16,601727,上海电气,14:53:47,7.55,133900,7.55,卖盘
17,601727,上海电气,14:52:52,7.56,57400,7.56,买盘
18,601727,上海电气,14:52:19,7.56,63900,7.55,买盘
19,601727,上海电气,14:51:04,7.56,95100,7.57,卖盘
20,601727,上海电气,14:50:11,7.55,141500,7.57,卖盘
21,601727,上海电气,14:49:41,7.57,61800,7.57,卖盘
22,601727,上海电气,14:48:41,7.57,46800,7.58,卖盘
23,601727,上海电气,14:48:34,7.57,51000,7.57,卖盘
24,601727,上海电气,14:47:29,7.57,40000,7.57,卖盘
25,601727,上海电气,14:45:28,7.56,69600,7.55,买盘
26,601727,上海电气,14:45:19,7.56,42300,7.56,买盘
27,601727,上海电气,14:44:43,7.56,167900,7.55,买盘
28,601727,上海电气,14:42:52,7.54,192500,7.54,买盘
29,601727,上海电气,14:41:52,7.53,400000,7.54,卖盘
30,601727,上海电气,14:38:58,7.54,82900,7.54,卖盘
31,601727,上海电气,14:37:22,7.54,63700,7.54,买盘
32,601727,上海电气,14:35:10,7.55,110700,7.54,买盘
33,601727,上海电气,14:34:38,7.55,46300,7.55,卖盘
34,601727,上海电气,14:32:40,7.55,59400,7.54,买盘
35,601727,上海电气,14:32:21,7.55,100400,7.55,买盘
36,601727,上海电气,14:27:03,7.54,60900,7.54,买盘
37,601727,上海电气,14:26:10,7.53,61800,7.54,卖盘
38,601727,上海电气,14:25:46,7.53,43254,7.53,买盘
39,601727,上海电气,14:23:18,7.53,63400,7.53,买盘
40,601727,上海电气,14:22:07,7.52,44200,7.53,卖盘
41,601727,上海电气,14:20:22,7.52,44600,7.52,买盘
42,601727,上海电气,14:19:34,7.51,60500,7.51,买盘
43,601727,上海电气,14:19:10,7.51,67000,7.52,卖盘
44,601727,上海电气,14:18:14,7.52,52300,7.51,买盘
45,601727,上海电气,14:18:02,7.52,60800,7.51,买盘
46,601727,上海电气,14:17:37,7.52,48900,7.51,买盘
47,601727,上海电气,14:17:16,7.51,42800,7.51,卖盘
48,601727,上海电气,14:17:07,7.51,45800,7.52,卖盘
49,601727,上海电气,14:16:25,7.52,151000,7.52,卖盘
50,601727,上海电气,14:15:41,7.53,148346,7.54,卖盘
51,601727,上海电气,14:12:48,7.53,61112,7.55,卖盘
52,601727,上海电气,14:07:04,7.53,300000,7.54,卖盘
53,601727,上海电气,14:05:48,7.55,51000,7.54,买盘
54,601727,上海电气,14:03:19,7.54,227900,7.55,卖盘
55,601727,上海电气,14:02:16,7.55,55000,7.56,卖盘
56,601727,上海电气,14:01:46,7.56,72600,7.56,买盘
57,601727,上海电气,14:01:13,7.56,102900,7.55,买盘
58,601727,上海电气,13:59:46,7.55,87883,7.55,买盘
59,601727,上海电气,13:59:04,7.55,42400,7.55,买盘
60,601727,上海电气,13:58:19,7.55,40900,7.54,买盘
61,601727,上海电气,13:57:04,7.54,40000,7.54,买盘
62,601727,上海电气,13:56:59,7.54,52000,7.54,买盘
63,601727,上海电气,13:55:47,7.53,53700,7.54,卖盘
64,601727,上海电气,13:54:25,7.53,43100,7.53,卖盘
65,601727,上海电气,13:53:18,7.54,55000,7.54,卖盘
66,601727,上海电气,13:48:49,7.56,55000,7.56,卖盘
67,601727,上海电气,13:48:04,7.56,70400,7.55,买盘
68,601727,上海电气,13:47:12,7.56,55300,7.55,买盘
69,601727,上海电气,13:46:24,7.56,49000,7.56,买盘
70,601727,上海电气,13:42:05,7.56,67800,7.57,卖盘
71,601727,上海电气,13:40:02,7.58,98200,7.58,买盘
72,601727,上海电气,13:36:31,7.57,52204,7.56,买盘
73,601727,上海电气,13:26:21,7.57,56700,7.57,买盘
74,601727,上海电气,13:26:04,7.56,50000,7.56,卖盘
75,601727,上海电气,13:22:07,7.57,61500,7.56,买盘
76,601727,上海电气,13:19:56,7.55,59200,7.55,卖盘
77,601727,上海电气,13:19:43,7.55,58400,7.56,卖盘
78,601727,上海电气,13:18:38,7.56,59900,7.57,卖盘
79,601727,上海电气,13:17:46,7.57,50000,7.58,卖盘
80,601727,上海电气,13:17:33,7.58,106500,7.58,卖盘
81,601727,上海电气,13:15:09,7.6,65500,7.6,卖盘
82,601727,上海电气,13:12:41,7.6,55200,7.61,卖盘
83,601727,上海电气,13:11:10,7.6,55400,7.61,卖盘
84,601727,上海电气,13:03:28,7.62,51400,7.62,买盘
85,601727,上海电气,13:00:07,7.61,80900,7.61,买盘
86,601727,上海电气,13:00:05,7.61,179400,7.6,买盘
87,601727,上海电气,13:00:02,7.6,49800,7.6,卖盘
88,601727,上海电气,11:29:10,7.6,46000,7.6,卖盘
89,601727,上海电气,11:25:57,7.63,41300,7.64,卖盘
90,601727,上海电气,11:24:52,7.65,50700,7.65,买盘
91,601727,上海电气,11:24:30,7.64,51200,7.65,卖盘
92,601727,上海电气,11:23:18,7.66,42200,7.66,买盘
93,601727,上海电气,11:22:51,7.65,279100,7.65,买盘
94,601727,上海电气,11:22:37,7.65,60300,7.64,买盘
95,601727,上海电气,11:22:24,7.64,116800,7.64,卖盘
96,601727,上海电气,11:22:07,7.64,233900,7.64,卖盘
97,601727,上海电气,11:21:45,7.64,60700,7.63,买盘
98,601727,上海电气,11:21:10,7.64,53900,7.63,买盘
99,601727,上海电气,11:21:03,7.63,116000,7.63,卖盘
100,601727,上海电气,11:20:54,7.63,59365,7.63,买盘
101,601727,上海电气,11:20:52,7.63,41000,7.63,买盘
102,601727,上海电气,11:20:36,7.62,62700,7.63,卖盘
103,601727,上海电气,11:20:15,7.62,533301,7.58,买盘
104,601727,上海电气,11:19:29,7.59,51400,7.59,买盘
105,601727,上海电气,11:18:51,7.58,47392,7.59,卖盘
106,601727,上海电气,11:16:03,7.58,40492,7.59,卖盘
107,601727,上海电气,11:15:07,7.58,41700,7.59,卖盘
108,601727,上海电气,11:12:03,7.58,87200,7.58,卖盘
109,601727,上海电气,11:11:34,7.59,42800,7.59,卖盘
110,601727,上海电气,11:09:58,7.6,106201,7.6,买盘
111,601727,上海电气,11:07:07,7.58,51300,7.58,卖盘
112,601727,上海电气,11:06:12,7.59,52400,7.59,买盘
113,601727,上海电气,11:03:52,7.62,60300,7.62,买盘
114,601727,上海电气,11:03:19,7.62,120200,7.62,卖盘
115,601727,上海电气,11:02:39,7.62,95100,7.62,卖盘
116,601727,上海电气,11:02:00,7.63,80700,7.63,买盘
117,601727,上海电气,11:01:37,7.61,343000,7.6,买盘
118,601727,上海电气,11:00:54,7.6,59100,7.6,买盘
119,601727,上海电气,11:00:51,7.6,44400,7.6,买盘
120,601727,上海电气,11:00:45,7.6,72500,7.59,买盘
121,601727,上海电气,11:00:34,7.59,51000,7.58,卖盘
122,601727,上海电气,11:00:29,7.58,404000,7.58,卖盘
123,601727,上海电气,11:00:20,7.58,169578,7.56,买盘
124,601727,上海电气,11:00:17,7.56,55100,7.56,卖盘
125,601727,上海电气,10:59:51,7.56,45900,7.57,卖盘
126,601727,上海电气,10:58:51,7.56,49400,7.57,卖盘
127,601727,上海电气,10:56:15,7.57,100900,7.57,买盘
128,601727,上海电气,10:55:24,7.56,65600,7.57,卖盘
129,601727,上海电气,10:49:39,7.58,42600,7.59,卖盘
130,601727,上海电气,10:48:55,7.58,89317,7.58,卖盘
131,601727,上海电气,10:48:40,7.58,99000,7.58,卖盘
132,601727,上海电气,10:47:46,7.59,52000,7.59,卖盘
133,601727,上海电气,10:46:30,7.59,81300,7.6,卖盘
134,601727,上海电气,10:44:54,7.59,60100,7.58,买盘
135,601727,上海电气,10:44:00,7.59,84100,7.59,买盘
136,601727,上海电气,10:43:18,7.59,85100,7.59,买盘
137,601727,上海电气,10:42:57,7.58,46900,7.58,卖盘
138,601727,上海电气,10:42:38,7.59,67800,7.58,买盘
139,601727,上海电气,10:39:03,7.57,51700,7.56,买盘
140,601727,上海电气,10:38:34,7.56,52700,7.56,买盘
141,601727,上海电气,10:36:46,7.57,49400,7.55,买盘
142,601727,上海电气,10:36:42,7.55,47500,7.57,卖盘
143,601727,上海电气,10:35:55,7.57,47700,7.57,买盘
144,601727,上海电气,10:35:12,7.55,69400,7.56,卖盘
145,601727,上海电气,10:34:27,7.54,43300,7.52,买盘
146,601727,上海电气,10:34:00,7.53,43372,7.52,买盘
147,601727,上海电气,10:33:58,7.52,52900,7.53,卖盘
148,601727,上海电气,10:33:55,7.53,44200,7.53,买盘
149,601727,上海电气,10:33:42,7.53,76100,7.54,卖盘
150,601727,上海电气,10:33:37,7.54,93300,7.53,买盘
151,601727,上海电气,10:33:15,7.54,273228,7.56,卖盘
152,601727,上海电气,10:33:09,7.56,325572,7.57,卖盘
153,601727,上海电气,10:32:42,7.57,92900,7.58,卖盘
154,601727,上海电气,10:32:39,7.58,66900,7.57,买盘
155,601727,上海电气,10:31:57,7.58,85400,7.58,卖盘
156,601727,上海电气,10:31:48,7.58,41900,7.58,卖盘
157,601727,上海电气,10:31:28,7.59,64800,7.59,买盘
158,601727,上海电气,10:30:31,7.6,69800,7.59,买盘
159,601727,上海电气,10:30:07,7.6,55700,7.6,卖盘
160,601727,上海电气,10:29:03,7.61,222305,7.61,卖盘
161,601727,上海电气,10:28:07,7.62,47000,7.62,买盘
162,601727,上海电气,10:27:01,7.61,60600,7.61,买盘
163,601727,上海电气,10:25:55,7.61,62000,7.6,买盘
164,601727,上海电气,10:25:46,7.61,52200,7.61,买盘
165,601727,上海电气,10:25:38,7.6,89200,7.61,卖盘
166,601727,上海电气,10:25:35,7.61,45400,7.6,买盘
167,601727,上海电气,10:25:07,7.6,82300,7.61,卖盘
168,601727,上海电气,10:24:58,7.6,145002,7.59,买盘
169,601727,上海电气,10:24:55,7.59,47300,7.59,卖盘
170,601727,上海电气,10:24:01,7.6,46198,7.61,卖盘
171,601727,上海电气,10:23:58,7.61,77100,7.6,买盘
172,601727,上海电气,10:23:55,7.6,68600,7.6,卖盘
173,601727,上海电气,10:23:06,7.62,119600,7.62,卖盘
174,601727,上海电气,10:23:03,7.62,93400,7.62,卖盘
175,601727,上海电气,10:22:58,7.63,63200,7.63,买盘
176,601727,上海电气,10:22:51,7.63,105500,7.63,买盘
177,601727,上海电气,10:22:39,7.63,67900,7.63,买盘
178,601727,上海电气,10:22:21,7.63,44800,7.63,卖盘
179,601727,上海电气,10:22:15,7.65,48100,7.64,买盘
180,601727,上海电气,10:22:12,7.64,47100,7.65,卖盘
181,601727,上海电气,10:22:09,7.65,55700,7.65,买盘
182,601727,上海电气,10:21:57,7.65,68700,7.65,买盘
183,601727,上海电气,10:21:54,7.65,63900,7.64,买盘
184,601727,上海电气,10:21:36,7.64,60300,7.63,买盘
185,601727,上海电气,10:21:30,7.63,127900,7.64,卖盘
186,601727,上海电气,10:21:20,7.64,80700,7.64,买盘
187,601727,上海电气,10:21:18,7.64,43400,7.64,买盘
188,601727,上海电气,10:21:03,7.63,69000,7.63,买盘
189,601727,上海电气,10:21:00,7.63,49800,7.62,买盘
190,601727,上海电气,10:20:15,7.61,64900,7.61,卖盘
191,601727,上海电气,10:20:03,7.6,96300,7.6,卖盘
192,601727,上海电气,10:19:54,7.6,97400,7.6,买盘
193,601727,上海电气,10:19:42,7.6,46700,7.59,买盘
194,601727,上海电气,10:19:36,7.59,55100,7.59,卖盘
195,601727,上海电气,10:19:30,7.59,118200,7.59,卖盘
196,601727,上海电气,10:19:27,7.59,46500,7.59,卖盘
197,601727,上海电气,10:19:24,7.59,52400,7.59,卖盘
198,601727,上海电气,10:19:21,7.59,42100,7.59,卖盘
199,601727,上海电气,10:19:18,7.59,87800,7.58,买盘
200,601727,上海电气,10:19:12,7.59,119900,7.58,买盘
201,601727,上海电气,10:18:51,7.6,63900,7.6,卖盘
202,601727,上海电气,10:18:48,7.6,90800,7.61,卖盘
203,601727,上海电气,10:18:42,7.6,50400,7.6,卖盘
204,601727,上海电气,10:18:30,7.61,104900,7.62,卖盘
205,601727,上海电气,10:18:21,7.61,49500,7.62,卖盘
206,601727,上海电气,10:18:12,7.62,41200,7.62,卖盘
207,601727,上海电气,10:18:00,7.64,154500,7.65,卖盘
208,601727,上海电气,10:17:57,7.65,49300,7.64,买盘
209,601727,上海电气,10:17:48,7.64,76800,7.65,卖盘
210,601727,上海电气,10:17:39,7.65,229700,7.66,卖盘
211,601727,上海电气,10:17:36,7.66,109500,7.66,买盘
212,601727,上海电气,10:17:13,7.66,86600,7.67,中性盘
213,601727,上海电气,10:17:06,7.66,130100,7.67,卖盘
214,601727,上海电气,10:17:03,7.67,76100,7.67,买盘
215,601727,上海电气,10:16:55,7.67,61200,7.66,买盘
216,601727,上海电气,10:16:46,7.68,45200,7.67,买盘
217,601727,上海电气,10:16:38,7.68,59300,7.68,买盘
218,601727,上海电气,10:16:32,7.69,376000,7.68,买盘
219,601727,上海电气,10:16:27,7.68,74900,7.69,卖盘
220,601727,上海电气,10:16:21,7.69,43740,7.69,买盘
221,601727,上海电气,10:16:16,7.68,132700,7.68,卖盘
222,601727,上海电气,10:16:09,7.69,81100,7.69,买盘
223,601727,上海电气,10:16:06,7.69,56700,7.69,买盘
224,601727,上海电气,10:16:04,7.69,42200,7.68,买盘
225,601727,上海电气,10:16:01,7.68,106400,7.68,卖盘
226,601727,上海电气,10:15:54,7.69,51400,7.68,买盘
227,601727,上海电气,10:15:48,7.68,82960,7.66,买盘
228,601727,上海电气,10:15:46,7.66,122400,7.67,卖盘
229,601727,上海电气,10:15:39,7.68,125000,7.66,买盘
230,601727,上海电气,10:15:37,7.66,167500,7.66,卖盘
231,601727,上海电气,10:15:34,7.66,201200,7.66,卖盘
232,601727,上海电气,10:15:30,7.66,894592,7.64,买盘
233,601727,上海电气,10:15:28,7.64,190329,7.64,卖盘
234,601727,上海电气,10:15:25,7.64,78121,7.65,卖盘
235,601727,上海电气,10:15:22,7.65,65150,7.64,买盘
236,601727,上海电气,10:15:19,7.64,129400,7.64,卖盘
237,601727,上海电气,10:15:16,7.64,109400,7.64,买盘
238,601727,上海电气,10:15:12,7.64,166400,7.64,卖盘
239,601727,上海电气,10:15:09,7.64,55400,7.64,买盘
240,601727,上海电气,10:14:57,7.64,129979,7.65,卖盘
241,601727,上海电气,10:14:54,7.65,53621,7.65,卖盘
242,601727,上海电气,10:14:52,7.65,41400,7.65,卖盘
243,601727,上海电气,10:14:49,7.65,137600,7.66,卖盘
244,601727,上海电气,10:14:46,7.66,95400,7.67,中性盘
245,601727,上海电气,10:14:42,7.67,105900,7.66,买盘
246,601727,上海电气,10:14:40,7.66,64900,7.67,卖盘
247,601727,上海电气,10:14:37,7.67,108400,7.66,买盘
248,601727,上海电气,10:14:34,7.66,44200,7.67,卖盘
249,601727,上海电气,10:14:24,7.66,242700,7.68,卖盘
250,601727,上海电气,10:14:21,7.68,69400,7.68,卖盘
251,601727,上海电气,10:14:18,7.68,42400,7.68,卖盘
252,601727,上海电气,10:14:16,7.68,43800,7.68,卖盘
253,601727,上海电气,10:14:12,7.68,147000,7.69,卖盘
254,601727,上海电气,10:14:10,7.69,55900,7.7,卖盘
255,601727,上海电气,10:14:07,7.7,221200,7.69,买盘
256,601727,上海电气,10:14:00,7.7,83278,7.7,卖盘
257,601727,上海电气,10:13:57,7.7,131922,7.71,卖盘
258,601727,上海电气,10:13:55,7.71,43200,7.71,买盘
259,601727,上海电气,10:13:52,7.71,249900,7.71,买盘
260,601727,上海电气,10:13:49,7.71,182200,7.71,卖盘
261,601727,上海电气,10:13:45,7.71,221500,7.72,卖盘
262,601727,上海电气,10:13:43,7.72,62000,7.71,买盘
263,601727,上海电气,10:13:40,7.71,94600,7.73,卖盘
264,601727,上海电气,10:13:36,7.73,73000,7.73,买盘
265,601727,上海电气,10:13:33,7.73,137500,7.73,买盘
266,601727,上海电气,10:13:28,7.71,119300,7.73,卖盘
267,601727,上海电气,10:13:25,7.73,101100,7.73,买盘
268,601727,上海电气,10:13:21,7.73,75678,7.75,卖盘
269,601727,上海电气,10:13:18,7.75,292100,7.75,卖盘
270,601727,上海电气,10:13:15,7.75,72100,7.75,卖盘
271,601727,上海电气,10:13:12,7.75,84700,7.75,买盘
272,601727,上海电气,10:13:10,7.75,70500,7.75,买盘
273,601727,上海电气,10:13:07,7.75,121500,7.75,买盘
274,601727,上海电气,10:13:03,7.75,193500,7.74,买盘
275,601727,上海电气,10:13:00,7.74,160700,7.74,买盘
276,601727,上海电气,10:12:57,7.74,89300,7.75,卖盘
277,601727,上海电气,10:12:54,7.75,452221,7.75,买盘
278,601727,上海电气,10:12:51,7.75,79100,7.75,买盘
279,601727,上海电气,10:12:49,7.75,165000,7.74,买盘
280,601727,上海电气,10:12:45,7.74,382401,7.72,买盘
281,601727,上海电气,10:12:42,7.72,149400,7.74,卖盘
282,601727,上海电气,10:12:39,7.74,119600,7.72,买盘
283,601727,上海电气,10:12:36,7.72,634800,7.73,卖盘
284,601727,上海电气,10:12:33,7.73,83400,7.72,买盘
285,601727,上海电气,10:12:30,7.72,526400,7.74,卖盘
286,601727,上海电气,10:12:28,7.74,181000,7.72,买盘
287,601727,上海电气,10:12:25,7.72,141800,7.73,卖盘
288,601727,上海电气,10:12:21,7.73,213000,7.72,买盘
289,601727,上海电气,10:12:18,7.72,81000,7.74,卖盘
290,601727,上海电气,10:12:15,7.74,99900,7.72,买盘
291,601727,上海电气,10:12:12,7.72,121900,7.74,中性盘
292,601727,上海电气,10:12:09,7.74,139600,7.71,买盘
293,601727,上海电气,10:12:06,7.71,377621,7.69,买盘
294,601727,上海电气,10:12:03,7.69,144900,7.7,卖盘
295,601727,上海电气,10:12:00,7.7,86210,7.7,买盘
296,601727,上海电气,10:11:57,7.7,134581,7.68,买盘
297,601727,上海电气,10:11:54,7.68,93100,7.68,买盘
298,601727,上海电气,10:11:51,7.68,115000,7.68,买盘
299,601727,上海电气,10:11:48,7.68,82900,7.67,买盘
300,601727,上海电气,10:11:46,7.67,244100,7.65,买盘
301,601727,上海电气,10:11:42,7.65,63800,7.65,卖盘
302,601727,上海电气,10:11:39,7.65,278221,7.65,卖盘
303,601727,上海电气,10:11:37,7.65,261300,7.65,买盘
304,601727,上海电气,10:11:33,7.65,104400,7.64,买盘
305,601727,上海电气,10:11:30,7.64,152800,7.63,买盘
306,601727,上海电气,10:11:24,7.62,81321,7.61,买盘
307,601727,上海电气,10:11:21,7.61,160800,7.6,买盘
308,601727,上海电气,10:11:19,7.6,103900,7.6,卖盘
309,601727,上海电气,10:11:16,7.6,331801,7.6,买盘
310,601727,上海电气,10:11:13,7.6,78500,7.6,买盘
311,601727,上海电气,10:11:09,7.6,85252,7.6,买盘
312,601727,上海电气,10:11:06,7.6,154400,7.58,买盘
313,601727,上海电气,10:11:04,7.58,356720,7.57,买盘
314,601727,上海电气,10:11:00,7.57,266500,7.57,卖盘
315,601727,上海电气,10:10:57,7.57,250500,7.57,卖盘
316,601727,上海电气,10:10:54,7.57,120700,7.56,买盘
317,601727,上海电气,10:10:51,7.56,102500,7.55,买盘
318,601727,上海电气,10:10:48,7.55,172800,7.56,卖盘
319,601727,上海电气,10:10:45,7.56,201100,7.54,买盘
320,601727,上海电气,10:10:43,7.54,106800,7.54,卖盘
321,601727,上海电气,10:10:39,7.54,70800,7.57,卖盘
322,601727,上海电气,10:10:36,7.57,99921,7.53,买盘
323,601727,上海电气,10:10:33,7.53,694300,7.53,卖盘
324,601727,上海电气,10:10:31,7.53,236700,7.53,买盘
325,601727,上海电气,10:10:28,7.53,142400,7.52,买盘
326,601727,上海电气,10:10:24,7.52,144400,7.53,中性盘
327,601727,上海电气,10:10:21,7.53,214900,7.52,买盘
328,601727,上海电气,10:10:18,7.52,73800,7.52,卖盘
329,601727,上海电气,10:10:15,7.52,151121,7.53,卖盘
330,601727,上海电气,10:10:13,7.53,154300,7.52,买盘
331,601727,上海电气,10:10:10,7.52,104400,7.53,卖盘
332,601727,上海电气,10:10:06,7.53,111200,7.53,卖盘
333,601727,上海电气,10:10:03,7.53,162921,7.52,中性盘
334,601727,上海电气,10:10:00,7.52,235300,7.51,买盘
335,601727,上海电气,10:09:58,7.51,145900,7.51,卖盘
336,601727,上海电气,10:09:54,7.51,72500,7.5,买盘
337,601727,上海电气,10:09:52,7.5,114600,7.5,买盘
338,601727,上海电气,10:09:49,7.5,523500,7.52,卖盘
339,601727,上海电气,10:09:46,7.52,235300,7.54,卖盘
340,601727,上海电气,10:09:43,7.54,44800,7.52,买盘
341,601727,上海电气,10:09:40,7.52,89300,7.5,买盘
342,601727,上海电气,10:09:36,7.5,76100,7.51,卖盘
343,601727,上海电气,10:09:34,7.51,96968,7.49,买盘
344,601727,上海电气,10:09:31,7.49,101200,7.49,卖盘
345,601727,上海电气,10:09:27,7.49,367800,7.5,卖盘
346,601727,上海电气,10:09:24,7.5,53000,7.49,买盘
347,601727,上海电气,10:09:21,7.49,44500,7.48,中性盘
348,601727,上海电气,10:09:19,7.48,191500,7.49,卖盘
349,601727,上海电气,10:09:15,7.49,518200,7.45,买盘
350,601727,上海电气,10:09:12,7.45,149100,7.46,卖盘
351,601727,上海电气,10:09:09,7.46,85000,7.46,买盘
352,601727,上海电气,10:09:03,7.45,115700,7.46,卖盘
353,601727,上海电气,10:09:01,7.46,320300,7.44,买盘
354,601727,上海电气,10:08:57,7.44,222700,7.42,买盘
355,601727,上海电气,10:08:51,7.42,137500,7.41,买盘
356,601727,上海电气,10:08:48,7.41,147208,7.37,买盘
357,601727,上海电气,10:08:45,7.37,733900,7.37,买盘
358,601727,上海电气,10:08:42,7.37,135200,7.37,买盘
359,601727,上海电气,10:08:37,7.36,43708,7.36,卖盘
360,601727,上海电气,10:08:30,7.37,339000,7.35,买盘
361,601727,上海电气,10:08:24,7.35,179800,7.34,买盘
362,601727,上海电气,10:08:18,7.35,71100,7.35,买盘
363,601727,上海电气,10:08:15,7.35,53100,7.35,买盘
364,601727,上海电气,10:08:12,7.35,68100,7.35,卖盘
365,601727,上海电气,10:08:09,7.35,94100,7.36,卖盘
366,601727,上海电气,10:08:07,7.36,85700,7.35,买盘
367,601727,上海电气,10:08:03,7.35,94000,7.35,卖盘
368,601727,上海电气,10:07:58,7.35,164800,7.35,买盘
369,601727,上海电气,10:07:54,7.35,41100,7.35,买盘
370,601727,上海电气,10:07:44,7.35,41600,7.34,买盘
371,601727,上海电气,10:07:39,7.34,89400,7.35,卖盘
372,601727,上海电气,10:07:36,7.35,115100,7.35,卖盘
373,601727,上海电气,10:07:33,7.35,71300,7.35,买盘
374,601727,上海电气,10:07:30,7.35,47200,7.35,买盘
375,601727,上海电气,10:07:24,7.35,87200,7.35,买盘
376,601727,上海电气,10:07:22,7.35,135200,7.34,买盘
377,601727,上海电气,10:07:18,7.34,53100,7.35,卖盘
378,601727,上海电气,10:07:15,7.35,68100,7.36,卖盘
379,601727,上海电气,10:07:12,7.36,208600,7.35,买盘
380,601727,上海电气,10:07:06,7.35,152100,7.35,买盘
381,601727,上海电气,10:07:03,7.35,108100,7.35,买盘
382,601727,上海电气,10:07:01,7.35,50200,7.35,买盘
383,601727,上海电气,10:06:57,7.35,101100,7.36,卖盘
384,601727,上海电气,10:06:54,7.36,51600,7.37,卖盘
385,601727,上海电气,10:06:48,7.35,87400,7.35,卖盘
386,601727,上海电气,10:06:45,7.35,353000,7.35,买盘
387,601727,上海电气,10:06:40,7.34,96700,7.35,卖盘
388,601727,上海电气,10:06:36,7.35,79500,7.34,买盘
389,601727,上海电气,10:06:33,7.34,275300,7.34,买盘
390,601727,上海电气,10:06:30,7.34,64500,7.34,买盘
391,601727,上海电气,10:06:24,7.34,139600,7.34,买盘
392,601727,上海电气,10:06:21,7.34,87000,7.34,买盘
393,601727,上海电气,10:06:18,7.34,57300,7.32,买盘
394,601727,上海电气,10:06:09,7.34,154200,7.32,买盘
395,601727,上海电气,10:06:06,7.32,69300,7.3,买盘
396,601727,上海电气,10:05:57,7.26,1027352,7.26,卖盘
397,601727,上海电气,10:05:51,7.27,121018,7.25,买盘
398,601727,上海电气,10:05:16,7.26,302118,7.26,买盘
399,601727,上海电气,10:05:00,7.26,58400,7.26,买盘
400,601727,上海电气,10:04:09,7.27,62800,7.26,买盘
401,601727,上海电气,10:04:03,7.26,61700,7.27,卖盘
402,601727,上海电气,10:03:45,7.26,109700,7.26,卖盘
403,601727,上海电气,10:03:20,7.27,53300,7.26,买盘
404,601727,上海电气,10:03:12,7.26,134400,7.24,买盘
405,601727,上海电气,10:03:02,7.24,46500,7.25,中性盘
406,601727,上海电气,10:02:53,7.24,48800,7.25,卖盘
407,601727,上海电气,10:02:30,7.24,46200,7.25,卖盘
408,601727,上海电气,10:02:11,7.24,42600,7.24,买盘
409,601727,上海电气,10:01:56,7.24,46300,7.23,买盘
410,601727,上海电气,10:01:19,7.23,204300,7.22,买盘
411,601727,上海电气,10:01:18,7.22,166800,7.22,买盘
412,601727,上海电气,10:00:23,7.22,132700,7.22,买盘
413,601727,上海电气,10:00:00,7.21,358800,7.2,买盘
414,601727,上海电气,09:58:32,7.21,55200,7.2,买盘
415,601727,上海电气,09:58:15,7.21,42300,7.21,买盘
416,601727,上海电气,09:57:18,7.2,48200,7.2,买盘
417,601727,上海电气,09:55:38,7.19,47400,7.19,卖盘
418,601727,上海电气,09:55:15,7.19,44300,7.19,卖盘
419,601727,上海电气,09:54:27,7.2,50360,7.21,卖盘
420,601727,上海电气,09:53:22,7.2,59200,7.19,买盘
421,601727,上海电气,09:53:15,7.2,52800,7.2,买盘
422,601727,上海电气,09:53:00,7.19,46400,7.19,买盘
423,601727,上海电气,09:52:55,7.19,51700,7.19,买盘
424,601727,上海电气,09:52:41,7.19,41400,7.19,买盘
425,601727,上海电气,09:51:27,7.19,52100,7.17,买盘
426,601727,上海电气,09:51:24,7.17,53200,7.18,卖盘
427,601727,上海电气,09:51:14,7.18,86900,7.17,买盘
428,601727,上海电气,09:51:06,7.17,53800,7.18,卖盘
429,601727,上海电气,09:50:57,7.18,55700,7.19,卖盘
430,601727,上海电气,09:50:36,7.18,46000,7.17,买盘
431,601727,上海电气,09:50:14,7.18,108200,7.18,买盘
432,601727,上海电气,09:50:03,7.18,56100,7.18,买盘
433,601727,上海电气,09:49:45,7.17,42200,7.18,卖盘
434,601727,上海电气,09:49:24,7.19,251700,7.18,买盘
435,601727,上海电气,09:49:09,7.19,86200,7.19,卖盘
436,601727,上海电气,09:48:55,7.2,98900,7.2,买盘
437,601727,上海电气,09:48:41,7.2,56800,7.2,卖盘
438,601727,上海电气,09:48:06,7.2,183900,7.22,卖盘
439,601727,上海电气,09:48:00,7.22,130700,7.22,买盘
440,601727,上海电气,09:47:57,7.22,63300,7.22,买盘
441,601727,上海电气,09:47:48,7.22,94500,7.22,卖盘
442,601727,上海电气,09:47:15,7.22,105500,7.22,卖盘
443,601727,上海电气,09:46:54,7.22,74400,7.22,卖盘
444,601727,上海电气,09:46:17,7.22,143100,7.21,买盘
445,601727,上海电气,09:45:24,7.21,71900,7.22,卖盘
446,601727,上海电气,09:44:47,7.21,53000,7.21,买盘
447,601727,上海电气,09:44:45,7.21,92100,7.21,买盘
448,601727,上海电气,09:44:30,7.21,98800,7.22,卖盘
449,601727,上海电气,09:44:27,7.22,58800,7.22,买盘
450,601727,上海电气,09:44:05,7.23,43700,7.22,买盘
451,601727,上海电气,09:43:51,7.23,196500,7.23,卖盘
452,601727,上海电气,09:43:42,7.23,40900,7.23,买盘
453,601727,上海电气,09:43:39,7.23,55700,7.22,买盘
454,601727,上海电气,09:43:11,7.22,52300,7.22,买盘
455,601727,上海电气,09:41:56,7.2,100100,7.2,卖盘
456,601727,上海电气,09:41:50,7.21,55900,7.21,买盘
457,601727,上海电气,09:41:41,7.2,40600,7.2,卖盘
458,601727,上海电气,09:41:15,7.21,52000,7.2,买盘
459,601727,上海电气,09:38:45,7.19,58700,7.18,买盘
460,601727,上海电气,09:38:24,7.19,45200,7.19,买盘
461,601727,上海电气,09:37:55,7.19,45800,7.19,买盘
462,601727,上海电气,09:37:48,7.18,103400,7.19,卖盘
463,601727,上海电气,09:37:39,7.19,42400,7.2,卖盘
464,601727,上海电气,09:37:27,7.18,164509,7.19,卖盘
465,601727,上海电气,09:37:15,7.18,50600,7.19,卖盘
466,601727,上海电气,09:37:12,7.19,52400,7.19,买盘
467,601727,上海电气,09:37:09,7.19,50700,7.19,买盘
468,601727,上海电气,09:37:06,7.19,42400,7.19,买盘
469,601727,上海电气,09:37:03,7.19,56300,7.19,买盘
470,601727,上海电气,09:36:51,7.18,56500,7.18,卖盘
471,601727,上海电气,09:36:18,7.18,44400,7.18,卖盘
472,601727,上海电气,09:36:09,7.17,287300,7.19,卖盘
473,601727,上海电气,09:35:21,7.19,60400,7.19,卖盘
474,601727,上海电气,09:35:09,7.2,42760,7.2,卖盘
475,601727,上海电气,09:35:03,7.2,59500,7.21,卖盘
476,601727,上海电气,09:34:59,7.21,295000,7.21,买盘
477,601727,上海电气,09:34:48,7.21,210900,7.22,卖盘
478,601727,上海电气,09:34:33,7.21,119646,7.22,卖盘
479,601727,上海电气,09:34:18,7.23,57000,7.23,卖盘
480,601727,上海电气,09:34:03,7.22,40700,7.23,卖盘
481,601727,上海电气,09:33:24,7.23,49300,7.24,卖盘
482,601727,上海电气,09:32:57,7.23,60900,7.22,买盘
483,601727,上海电气,09:32:51,7.22,44200,7.23,卖盘
484,601727,上海电气,09:32:36,7.22,40800,7.23,卖盘
485,601727,上海电气,09:32:30,7.22,43900,7.22,买盘
486,601727,上海电气,09:32:24,7.21,97800,7.22,卖盘
487,601727,上海电气,09:32:21,7.22,108700,7.23,卖盘
488,601727,上海电气,09:32:15,7.23,74300,7.22,买盘
489,601727,上海电气,09:32:12,7.22,51600,7.24,卖盘
490,601727,上海电气,09:31:58,7.21,65900,7.23,卖盘
491,601727,上海电气,09:31:54,7.23,90300,7.23,买盘
492,601727,上海电气,09:31:52,7.23,93100,7.24,卖盘
493,601727,上海电气,09:31:46,7.24,129700,7.23,买盘
494,601727,上海电气,09:31:33,7.24,112700,7.22,买盘
495,601727,上海电气,09:31:30,7.22,168440,7.24,卖盘
496,601727,上海电气,09:31:21,7.22,60100,7.23,卖盘
497,601727,上海电气,09:31:13,7.22,57500,7.22,卖盘
498,601727,上海电气,09:31:10,7.22,145700,7.23,卖盘
499,601727,上海电气,09:31:06,7.23,55600,7.24,卖盘
500,601727,上海电气,09:31:00,7.22,57800,7.24,卖盘
501,601727,上海电气,09:30:57,7.24,76100,7.24,买盘
502,601727,上海电气,09:30:51,7.25,48200,7.24,买盘
503,601727,上海电气,09:30:48,7.24,43100,7.25,卖盘
504,601727,上海电气,09:30:39,7.25,89200,7.25,卖盘
505,601727,上海电气,09:30:36,7.25,50400,7.25,卖盘
506,601727,上海电气,09:30:27,7.25,244300,7.25,买盘
507,601727,上海电气,09:30:21,7.25,99600,7.25,卖盘
508,601727,上海电气,09:30:18,7.25,84400,7.26,卖盘
509,601727,上海电气,09:30:12,7.27,172300,7.25,中性盘
510,601727,上海电气,09:30:09,7.25,253200,7.25,卖盘
511,601727,上海电气,09:30:06,7.25,394000,7.29,卖盘
512,601727,上海电气,09:30:04,7.29,849900,7.26,买盘
513,601727,上海电气,09:30:00,7.26,212800,7.3,卖盘
514,601727,上海电气,09:25:01,7.3,1773900,0.0,买盘
