,code,name,time,price,volume,preprice,type
0,601616,广电电气,14:58:39,4.68,82350,4.68,卖盘
1,601616,广电电气,14:57:51,4.68,62800,4.68,卖盘
2,601616,广电电气,14:57:18,4.68,230150,4.67,买盘
3,601616,广电电气,14:55:45,4.67,78900,4.66,买盘
4,601616,广电电气,14:54:06,4.67,229900,4.66,买盘
5,601616,广电电气,14:52:23,4.67,49300,4.67,买盘
6,601616,广电电气,14:51:08,4.67,40100,4.67,卖盘
7,601616,广电电气,14:49:02,4.67,67700,4.67,买盘
8,601616,广电电气,14:46:17,4.66,153300,4.66,买盘
9,601616,广电电气,14:45:53,4.65,65800,4.65,买盘
10,601616,广电电气,14:43:04,4.64,58100,4.65,卖盘
11,601616,广电电气,14:43:01,4.65,64400,4.65,买盘
12,601616,广电电气,14:36:45,4.62,50000,4.63,卖盘
13,601616,广电电气,14:35:18,4.62,78200,4.61,买盘
14,601616,广电电气,14:34:54,4.61,48093,4.61,卖盘
15,601616,广电电气,14:34:00,4.63,52000,4.64,卖盘
16,601616,广电电气,14:32:54,4.66,79800,4.66,卖盘
17,601616,广电电气,14:32:38,4.67,57783,4.67,卖盘
18,601616,广电电气,14:32:10,4.69,45500,4.67,买盘
19,601616,广电电气,14:31:52,4.67,54583,4.68,卖盘
20,601616,广电电气,14:31:49,4.68,44317,4.67,买盘
21,601616,广电电气,14:31:37,4.68,44983,4.68,卖盘
22,601616,广电电气,14:30:40,4.7,63400,4.69,买盘
23,601616,广电电气,14:29:56,4.69,50000,4.69,买盘
24,601616,广电电气,14:29:37,4.69,70500,4.68,买盘
25,601616,广电电气,14:28:40,4.68,140517,4.68,买盘
26,601616,广电电气,14:27:34,4.68,70700,4.67,买盘
27,601616,广电电气,14:26:55,4.67,80000,4.67,买盘
28,601616,广电电气,14:26:22,4.67,183000,4.66,买盘
29,601616,广电电气,14:24:46,4.67,51800,4.66,买盘
30,601616,广电电气,14:23:43,4.65,113500,4.64,买盘
31,601616,广电电气,14:23:16,4.64,80231,4.64,买盘
32,601616,广电电气,14:22:28,4.63,200000,4.63,买盘
33,601616,广电电气,14:18:09,4.62,76400,4.61,买盘
34,601616,广电电气,14:17:21,4.62,44600,4.62,卖盘
35,601616,广电电气,14:13:36,4.64,46600,4.62,买盘
36,601616,广电电气,14:12:54,4.63,93200,4.62,买盘
37,601616,广电电气,14:12:06,4.62,150100,4.61,买盘
38,601616,广电电气,14:09:34,4.62,98496,4.61,买盘
39,601616,广电电气,14:09:07,4.61,83407,4.6,买盘
40,601616,广电电气,14:06:52,4.61,87000,4.61,买盘
41,601616,广电电气,14:06:46,4.61,50100,4.61,买盘
42,601616,广电电气,14:06:13,4.61,160000,4.6,买盘
43,601616,广电电气,14:05:52,4.6,44260,4.58,买盘
44,601616,广电电气,14:05:37,4.6,50000,4.59,买盘
45,601616,广电电气,14:03:52,4.6,58700,4.6,买盘
46,601616,广电电气,14:03:28,4.6,134400,4.59,买盘
47,601616,广电电气,14:03:13,4.59,122100,4.58,买盘
48,601616,广电电气,14:02:01,4.59,51700,4.58,买盘
49,601616,广电电气,14:01:19,4.58,70100,4.58,买盘
50,601616,广电电气,13:59:01,4.57,150000,4.54,买盘
51,601616,广电电气,13:58:13,4.56,100000,4.57,买盘
52,601616,广电电气,13:56:27,4.56,128909,4.55,买盘
53,601616,广电电气,13:56:15,4.55,76600,4.55,买盘
54,601616,广电电气,10:59:31,4.5,53000,4.5,卖盘
55,601616,广电电气,10:56:54,4.51,40000,4.51,卖盘
56,601616,广电电气,10:41:31,4.5,43000,4.51,卖盘
57,601616,广电电气,09:58:57,4.52,41400,4.52,买盘
