,code,name,time,price,volume,preprice,type
0,601628,中国人寿,14:57:51,26.98,44851,26.98,买盘
1,601628,中国人寿,14:56:42,26.97,49400,26.96,买盘
2,601628,中国人寿,14:55:54,26.96,86300,26.95,买盘
3,601628,中国人寿,14:55:24,26.96,205000,26.97,卖盘
4,601628,中国人寿,14:52:11,26.99,57400,26.99,买盘
5,601628,中国人寿,14:52:02,26.98,83600,26.99,卖盘
6,601628,中国人寿,14:50:08,27.01,247861,26.99,买盘
7,601628,中国人寿,14:50:02,26.99,59239,26.99,卖盘
8,601628,中国人寿,14:49:35,26.99,53861,26.97,买盘
9,601628,中国人寿,14:47:50,26.98,45400,26.97,买盘
10,601628,中国人寿,14:43:34,26.99,102100,26.96,买盘
11,601628,中国人寿,14:41:34,26.98,41361,26.97,买盘
12,601628,中国人寿,14:41:25,26.96,46100,26.96,卖盘
13,601628,中国人寿,14:35:12,26.95,101800,26.92,买盘
14,601628,中国人寿,14:35:06,26.92,100000,26.94,卖盘
15,601628,中国人寿,14:31:34,27.0,40900,26.98,买盘
16,601628,中国人寿,14:31:28,27.0,44100,26.98,买盘
17,601628,中国人寿,14:30:22,27.0,110510,26.99,买盘
18,601628,中国人寿,14:30:04,27.0,46000,26.99,买盘
19,601628,中国人寿,14:29:52,26.99,60200,26.99,买盘
20,601628,中国人寿,14:29:43,26.98,87451,26.97,买盘
21,601628,中国人寿,14:29:16,26.95,50100,26.97,卖盘
22,601628,中国人寿,14:29:04,26.95,163000,26.95,买盘
23,601628,中国人寿,14:28:58,26.95,50500,26.94,买盘
24,601628,中国人寿,14:28:28,26.94,117300,26.92,买盘
25,601628,中国人寿,14:26:37,26.91,104300,26.92,卖盘
26,601628,中国人寿,14:24:13,26.9,63400,26.89,买盘
27,601628,中国人寿,14:23:34,26.89,55300,26.9,卖盘
28,601628,中国人寿,14:23:13,26.9,52600,26.9,卖盘
29,601628,中国人寿,14:21:55,26.91,42500,26.91,卖盘
30,601628,中国人寿,14:21:25,26.91,57300,26.93,卖盘
31,601628,中国人寿,14:21:16,26.92,62600,26.91,买盘
32,601628,中国人寿,14:21:10,26.92,47900,26.91,买盘
33,601628,中国人寿,14:21:01,26.91,72600,26.91,买盘
34,601628,中国人寿,14:19:52,26.9,56000,26.89,买盘
35,601628,中国人寿,14:19:28,26.88,100200,26.88,卖盘
36,601628,中国人寿,14:19:16,26.88,40200,26.87,买盘
37,601628,中国人寿,14:18:55,26.87,40000,26.86,买盘
38,601628,中国人寿,14:12:03,26.85,41900,26.85,卖盘
39,601628,中国人寿,14:11:19,26.84,60300,26.84,买盘
40,601628,中国人寿,14:10:04,26.82,40800,26.81,买盘
41,601628,中国人寿,14:09:49,26.82,42000,26.81,买盘
42,601628,中国人寿,14:08:55,26.79,41500,26.79,卖盘
43,601628,中国人寿,14:08:37,26.8,141300,26.8,卖盘
44,601628,中国人寿,14:06:34,26.8,41000,26.8,卖盘
45,601628,中国人寿,13:56:00,26.83,62100,26.84,卖盘
46,601628,中国人寿,13:52:30,26.89,40100,26.88,买盘
47,601628,中国人寿,13:51:15,26.85,59600,26.86,卖盘
48,601628,中国人寿,13:50:42,26.84,92400,26.85,卖盘
49,601628,中国人寿,13:49:55,26.82,40100,26.82,卖盘
50,601628,中国人寿,13:49:37,26.82,41600,26.81,买盘
51,601628,中国人寿,13:48:58,26.81,41800,26.81,买盘
52,601628,中国人寿,13:35:46,26.71,45000,26.71,卖盘
53,601628,中国人寿,13:35:13,26.7,101200,26.71,卖盘
54,601628,中国人寿,13:17:31,26.8,100500,26.81,卖盘
55,601628,中国人寿,13:16:55,26.8,46500,26.81,卖盘
56,601628,中国人寿,13:15:43,26.8,56000,26.78,买盘
57,601628,中国人寿,13:06:30,26.73,61600,26.73,卖盘
58,601628,中国人寿,13:01:34,26.76,45600,26.77,卖盘
59,601628,中国人寿,11:23:16,26.82,40000,26.8,买盘
60,601628,中国人寿,11:22:16,26.81,41700,26.79,买盘
61,601628,中国人寿,11:21:49,26.8,72400,26.78,买盘
62,601628,中国人寿,11:10:53,26.76,49500,26.76,卖盘
63,601628,中国人寿,11:10:23,26.75,56400,26.74,买盘
64,601628,中国人寿,11:07:47,26.65,75000,26.67,卖盘
65,601628,中国人寿,11:05:24,26.66,54200,26.66,卖盘
66,601628,中国人寿,10:42:57,26.6,41600,26.6,卖盘
67,601628,中国人寿,10:18:03,26.59,50000,26.59,卖盘
68,601628,中国人寿,10:16:09,26.58,127500,26.58,卖盘
69,601628,中国人寿,10:04:09,26.6,63300,26.55,买盘
70,601628,中国人寿,09:59:47,26.55,47000,26.54,买盘
71,601628,中国人寿,09:55:09,26.51,55200,26.5,买盘
72,601628,中国人寿,09:54:15,26.5,131800,26.52,卖盘
73,601628,中国人寿,09:54:09,26.52,83400,26.53,买盘
74,601628,中国人寿,09:53:54,26.52,44700,26.52,卖盘
75,601628,中国人寿,09:53:39,26.52,107600,26.54,卖盘
76,601628,中国人寿,09:51:27,26.54,59479,26.54,卖盘
77,601628,中国人寿,09:49:18,26.54,59800,26.55,卖盘
78,601628,中国人寿,09:47:18,26.6,51000,26.62,卖盘
79,601628,中国人寿,09:43:09,26.79,100900,26.69,买盘
80,601628,中国人寿,09:37:06,26.57,54300,26.56,买盘
81,601628,中国人寿,09:36:09,26.57,100400,26.59,卖盘
82,601628,中国人寿,09:35:15,26.6,60200,26.61,卖盘
83,601628,中国人寿,09:25:03,26.61,92600,0.0,买盘
