,code,name,time,price,volume,preprice,type
0,601880,大连港,14:59:59,2.96,40000,2.97,卖盘
1,601880,大连港,14:59:19,2.97,295600,2.97,买盘
2,601880,大连港,14:58:36,2.96,58300,2.96,卖盘
3,601880,大连港,14:58:15,2.96,117900,2.96,卖盘
4,601880,大连港,14:58:06,2.96,202800,2.96,卖盘
5,601880,大连港,14:58:00,2.96,54800,2.96,卖盘
6,601880,大连港,14:57:45,2.96,50900,2.96,卖盘
7,601880,大连港,14:57:42,2.96,313500,2.96,卖盘
8,601880,大连港,14:57:09,2.96,77100,2.97,卖盘
9,601880,大连港,14:56:18,2.96,120800,2.96,卖盘
10,601880,大连港,14:56:06,2.97,61300,2.97,买盘
11,601880,大连港,14:55:12,2.97,40900,2.96,买盘
12,601880,大连港,14:54:51,2.96,60500,2.97,卖盘
13,601880,大连港,14:51:17,2.96,86600,2.96,卖盘
14,601880,大连港,14:49:35,2.96,100000,2.97,卖盘
15,601880,大连港,14:48:01,2.97,212600,2.97,买盘
16,601880,大连港,14:46:17,2.96,200200,2.97,卖盘
17,601880,大连港,14:42:01,2.97,409900,2.96,买盘
18,601880,大连港,14:40:55,2.96,111500,2.97,卖盘
19,601880,大连港,14:40:46,2.96,50000,2.96,卖盘
20,601880,大连港,14:33:45,2.97,44200,2.96,买盘
21,601880,大连港,14:29:49,2.96,66300,2.96,卖盘
22,601880,大连港,14:27:28,2.97,50000,2.97,买盘
23,601880,大连港,14:25:58,2.96,59300,2.96,卖盘
24,601880,大连港,14:19:58,2.96,60800,2.96,卖盘
25,601880,大连港,14:19:16,2.96,40000,2.97,卖盘
26,601880,大连港,14:11:48,2.96,42000,2.97,卖盘
27,601880,大连港,14:10:13,2.97,80800,2.96,买盘
28,601880,大连港,14:07:34,2.97,48500,2.97,买盘
29,601880,大连港,14:02:04,2.96,40600,2.96,卖盘
30,601880,大连港,13:38:43,2.97,50000,2.96,买盘
31,601880,大连港,13:26:43,2.96,40300,2.97,卖盘
32,601880,大连港,13:20:58,2.96,47700,2.96,卖盘
33,601880,大连港,13:08:48,2.96,111500,2.96,卖盘
34,601880,大连港,13:07:21,2.97,151600,2.97,买盘
35,601880,大连港,13:06:15,2.97,48300,2.97,买盘
36,601880,大连港,13:00:10,2.96,52600,2.96,卖盘
37,601880,大连港,13:00:04,2.97,67100,2.96,买盘
38,601880,大连港,11:26:34,2.96,81300,2.96,买盘
39,601880,大连港,11:26:16,2.96,146300,2.96,买盘
40,601880,大连港,11:26:07,2.96,574400,2.96,买盘
41,601880,大连港,11:25:34,2.96,210000,2.96,买盘
42,601880,大连港,10:59:43,2.95,93200,2.96,卖盘
43,601880,大连港,10:58:07,2.95,48300,2.95,卖盘
44,601880,大连港,10:56:46,2.95,110100,2.95,卖盘
45,601880,大连港,10:56:37,2.96,50500,2.95,买盘
46,601880,大连港,10:45:53,2.95,46200,2.96,卖盘
47,601880,大连港,10:42:27,2.95,67700,2.96,卖盘
48,601880,大连港,10:33:21,2.95,49000,2.96,卖盘
49,601880,大连港,10:32:00,2.95,40000,2.96,卖盘
50,601880,大连港,10:27:27,2.95,51600,2.95,卖盘
51,601880,大连港,10:14:09,2.95,99100,2.95,卖盘
52,601880,大连港,10:02:23,2.95,210100,2.96,卖盘
53,601880,大连港,09:56:18,2.96,43100,2.96,买盘
54,601880,大连港,09:55:15,2.96,50000,2.96,买盘
55,601880,大连港,09:53:48,2.96,56400,2.96,卖盘
56,601880,大连港,09:53:33,2.96,139800,2.97,卖盘
57,601880,大连港,09:51:00,2.96,40000,2.96,卖盘
58,601880,大连港,09:50:54,2.96,90900,2.96,卖盘
59,601880,大连港,09:50:45,2.96,58300,2.96,卖盘
60,601880,大连港,09:50:42,2.96,50200,2.96,卖盘
61,601880,大连港,09:50:15,2.96,70000,2.96,卖盘
62,601880,大连港,09:49:51,2.96,47300,2.96,卖盘
63,601880,大连港,09:49:12,2.96,109900,2.96,卖盘
64,601880,大连港,09:49:00,2.96,42500,2.96,卖盘
65,601880,大连港,09:48:57,2.96,54200,2.96,卖盘
66,601880,大连港,09:48:42,2.96,44900,2.96,卖盘
67,601880,大连港,09:47:51,2.96,97900,2.96,卖盘
68,601880,大连港,09:47:42,2.96,202200,2.96,卖盘
69,601880,大连港,09:45:39,2.96,70200,2.97,卖盘
70,601880,大连港,09:41:32,2.96,92700,2.97,卖盘
71,601880,大连港,09:40:59,2.97,197300,2.97,买盘
72,601880,大连港,09:37:15,2.96,58200,2.97,卖盘
73,601880,大连港,09:36:21,2.96,254200,2.96,卖盘
74,601880,大连港,09:36:03,2.97,66800,2.96,买盘
75,601880,大连港,09:35:54,2.96,60500,2.97,卖盘
76,601880,大连港,09:32:18,2.97,72800,2.97,卖盘
77,601880,大连港,09:30:27,2.97,59400,2.97,卖盘
78,601880,大连港,09:30:15,2.97,42300,2.98,卖盘
79,601880,大连港,09:30:06,2.97,93700,2.97,卖盘
80,601880,大连港,09:30:03,2.97,42650,2.97,卖盘
81,601880,大连港,09:25:03,2.97,369286,0.0,买盘
