,code,name,time,price,volume,preprice,type
0,601878,浙商证券,14:59:46,17.02,81347,17.01,买盘
1,601878,浙商证券,14:59:41,17.01,43772,17.01,卖盘
2,601878,浙商证券,14:59:37,17.01,59200,17.02,卖盘
3,601878,浙商证券,14:59:31,17.02,77447,17.02,买盘
4,601878,浙商证券,14:59:22,17.02,84000,17.02,买盘
5,601878,浙商证券,14:59:16,17.0,73700,17.01,卖盘
6,601878,浙商证券,14:59:10,17.02,189400,17.02,卖盘
7,601878,浙商证券,14:59:07,17.02,134694,17.01,买盘
8,601878,浙商证券,14:59:01,17.01,58600,17.01,卖盘
9,601878,浙商证券,14:58:58,17.01,69000,17.01,卖盘
10,601878,浙商证券,14:58:52,17.01,48900,17.01,卖盘
11,601878,浙商证券,14:58:49,17.01,40300,17.01,卖盘
12,601878,浙商证券,14:58:37,17.01,54337,17.0,买盘
13,601878,浙商证券,14:58:34,17.0,52800,17.01,卖盘
14,601878,浙商证券,14:58:31,17.01,75800,17.0,买盘
15,601878,浙商证券,14:58:28,17.0,61200,17.0,卖盘
16,601878,浙商证券,14:58:25,17.0,43200,17.0,卖盘
17,601878,浙商证券,14:58:22,17.0,57500,17.0,卖盘
18,601878,浙商证券,14:58:19,17.0,43000,17.0,卖盘
19,601878,浙商证券,14:58:13,17.0,41300,17.0,卖盘
20,601878,浙商证券,14:58:10,17.0,40600,17.0,买盘
21,601878,浙商证券,14:57:58,16.99,47447,17.01,卖盘
22,601878,浙商证券,14:57:52,17.0,40400,17.0,卖盘
23,601878,浙商证券,14:57:46,17.0,43700,17.0,卖盘
24,601878,浙商证券,14:57:40,17.0,70600,17.0,卖盘
25,601878,浙商证券,14:57:37,17.0,325131,16.99,买盘
26,601878,浙商证券,14:57:34,16.99,55100,17.0,卖盘
27,601878,浙商证券,14:57:28,16.99,44800,17.0,卖盘
28,601878,浙商证券,14:57:25,17.0,40000,16.99,买盘
29,601878,浙商证券,14:57:22,16.99,73800,17.0,卖盘
30,601878,浙商证券,14:57:19,17.0,40947,16.99,买盘
31,601878,浙商证券,14:57:10,17.0,42147,16.99,买盘
32,601878,浙商证券,14:57:00,17.0,47947,16.99,买盘
33,601878,浙商证券,14:56:51,17.0,42847,16.99,买盘
34,601878,浙商证券,14:56:42,16.99,59347,16.99,买盘
35,601878,浙商证券,14:56:33,16.99,50669,17.0,卖盘
36,601878,浙商证券,14:56:27,17.0,47700,16.99,买盘
37,601878,浙商证券,14:56:21,16.99,58047,16.99,卖盘
38,601878,浙商证券,14:56:18,16.99,44500,16.99,卖盘
39,601878,浙商证券,14:56:15,16.99,53000,17.0,卖盘
40,601878,浙商证券,14:56:12,17.0,48900,16.99,买盘
41,601878,浙商证券,14:56:09,16.99,46000,17.0,卖盘
42,601878,浙商证券,14:55:51,16.99,54247,17.0,卖盘
43,601878,浙商证券,14:55:42,16.99,61400,16.99,卖盘
44,601878,浙商证券,14:55:33,17.0,80900,17.0,买盘
45,601878,浙商证券,14:55:27,17.0,102265,17.0,卖盘
46,601878,浙商证券,14:55:24,17.0,47847,17.01,卖盘
47,601878,浙商证券,14:55:21,17.01,56894,17.01,买盘
48,601878,浙商证券,14:55:18,17.01,56800,17.0,买盘
49,601878,浙商证券,14:55:15,17.0,80394,17.01,卖盘
50,601878,浙商证券,14:55:03,17.0,53700,17.01,卖盘
51,601878,浙商证券,14:54:48,17.01,64000,17.02,卖盘
52,601878,浙商证券,14:54:39,17.04,48200,17.02,买盘
53,601878,浙商证券,14:54:33,17.02,44800,17.03,卖盘
54,601878,浙商证券,14:54:15,17.05,52300,17.03,买盘
55,601878,浙商证券,14:54:00,17.05,75400,17.05,买盘
56,601878,浙商证券,14:53:54,17.05,48257,17.05,卖盘
57,601878,浙商证券,14:52:54,17.05,45000,17.05,卖盘
58,601878,浙商证券,14:52:42,17.05,48300,17.05,买盘
59,601878,浙商证券,14:52:30,17.05,40300,17.04,买盘
60,601878,浙商证券,14:52:06,17.02,47449,17.02,卖盘
61,601878,浙商证券,14:51:39,17.01,79747,17.01,买盘
62,601878,浙商证券,14:51:27,17.0,56088,17.0,买盘
63,601878,浙商证券,14:51:24,17.0,47000,16.99,买盘
64,601878,浙商证券,14:51:21,16.99,40500,17.0,卖盘
65,601878,浙商证券,14:51:18,17.0,61500,16.99,买盘
66,601878,浙商证券,14:51:09,17.0,72400,16.99,买盘
67,601878,浙商证券,14:50:11,16.95,64133,16.95,卖盘
68,601878,浙商证券,14:49:59,16.95,40500,16.95,买盘
69,601878,浙商证券,14:49:14,16.91,48904,16.91,卖盘
70,601878,浙商证券,14:49:11,16.91,42200,16.91,卖盘
71,601878,浙商证券,14:48:59,16.9,45600,16.9,卖盘
72,601878,浙商证券,14:48:47,16.9,60500,16.9,买盘
73,601878,浙商证券,14:48:38,16.9,56100,16.9,买盘
74,601878,浙商证券,14:48:32,16.9,61700,16.9,卖盘
75,601878,浙商证券,14:48:29,16.9,53600,16.91,卖盘
76,601878,浙商证券,14:48:26,16.91,59700,16.9,买盘
77,601878,浙商证券,14:48:23,16.9,81500,16.9,卖盘
78,601878,浙商证券,14:48:20,16.9,91847,16.91,卖盘
79,601878,浙商证券,14:48:16,16.91,57147,16.9,买盘
80,601878,浙商证券,14:48:14,16.9,89100,16.9,卖盘
81,601878,浙商证券,14:47:59,16.91,42000,16.92,卖盘
82,601878,浙商证券,14:47:47,16.92,48400,16.92,卖盘
83,601878,浙商证券,14:47:20,16.95,43800,16.96,卖盘
84,601878,浙商证券,14:46:23,17.0,67347,17.0,卖盘
85,601878,浙商证券,14:46:20,17.0,80847,17.0,卖盘
86,601878,浙商证券,14:46:17,17.0,61400,17.0,卖盘
87,601878,浙商证券,14:46:14,17.0,40300,17.01,卖盘
88,601878,浙商证券,14:46:11,17.01,68400,17.0,买盘
89,601878,浙商证券,14:46:08,17.0,40500,17.0,卖盘
90,601878,浙商证券,14:45:53,17.01,58000,17.02,卖盘
91,601878,浙商证券,14:44:05,17.1,51200,17.11,卖盘
92,601878,浙商证券,14:44:02,17.11,55500,17.1,买盘
93,601878,浙商证券,14:43:53,17.11,73747,17.1,买盘
94,601878,浙商证券,14:43:37,17.11,44900,17.11,买盘
95,601878,浙商证券,14:43:14,17.1,61300,17.1,卖盘
96,601878,浙商证券,14:42:46,17.12,135208,17.11,买盘
97,601878,浙商证券,14:40:40,17.14,41800,17.14,卖盘
98,601878,浙商证券,14:40:34,17.14,66300,17.14,卖盘
99,601878,浙商证券,14:38:07,17.15,52500,17.16,卖盘
100,601878,浙商证券,14:35:30,17.16,49447,17.17,卖盘
101,601878,浙商证券,14:31:48,17.16,55100,17.16,卖盘
102,601878,浙商证券,14:31:21,17.16,48447,17.15,买盘
103,601878,浙商证券,14:30:56,17.15,57900,17.15,卖盘
104,601878,浙商证券,14:29:43,17.15,45415,17.14,买盘
105,601878,浙商证券,14:26:28,17.16,49500,17.15,买盘
106,601878,浙商证券,14:25:19,17.16,119355,17.16,买盘
107,601878,浙商证券,14:18:28,17.2,53544,17.2,买盘
108,601878,浙商证券,14:18:07,17.19,46200,17.19,卖盘
109,601878,浙商证券,14:18:01,17.19,47000,17.2,卖盘
110,601878,浙商证券,14:16:40,17.2,49700,17.19,买盘
111,601878,浙商证券,14:03:16,17.21,43500,17.2,买盘
112,601878,浙商证券,13:50:09,17.15,45246,17.15,卖盘
113,601878,浙商证券,13:48:47,17.15,172221,17.16,卖盘
114,601878,浙商证券,13:47:07,17.18,70285,17.19,卖盘
115,601878,浙商证券,13:40:52,17.25,60500,17.24,买盘
116,601878,浙商证券,13:38:52,17.19,41647,17.2,卖盘
117,601878,浙商证券,13:36:25,17.16,47500,17.16,卖盘
118,601878,浙商证券,13:32:36,17.26,49400,17.26,卖盘
119,601878,浙商证券,13:32:06,17.26,85278,17.26,卖盘
120,601878,浙商证券,13:26:07,17.15,206202,17.14,卖盘
121,601878,浙商证券,13:22:40,17.14,54100,17.15,卖盘
122,601878,浙商证券,13:22:10,17.16,153900,17.16,卖盘
123,601878,浙商证券,13:21:16,17.18,52690,17.19,卖盘
124,601878,浙商证券,13:19:01,17.21,41296,17.21,卖盘
125,601878,浙商证券,13:17:58,17.2,44299,17.2,买盘
126,601878,浙商证券,13:16:37,17.19,49900,17.18,买盘
127,601878,浙商证券,13:16:04,17.2,61048,17.24,卖盘
128,601878,浙商证券,13:15:55,17.23,79800,17.23,卖盘
129,601878,浙商证券,13:15:13,17.26,53500,17.27,卖盘
130,601878,浙商证券,13:13:58,17.27,89200,17.26,买盘
131,601878,浙商证券,13:10:42,17.26,44043,17.25,买盘
132,601878,浙商证券,13:09:09,17.3,60000,17.31,卖盘
133,601878,浙商证券,13:08:54,17.3,70753,17.33,卖盘
134,601878,浙商证券,13:06:24,17.4,46863,17.43,卖盘
135,601878,浙商证券,13:04:47,17.39,44300,17.37,买盘
136,601878,浙商证券,13:04:11,17.36,64500,17.34,买盘
137,601878,浙商证券,13:02:34,17.36,44000,17.39,卖盘
138,601878,浙商证券,13:01:34,17.49,89600,17.49,卖盘
139,601878,浙商证券,13:01:13,17.48,47300,17.49,卖盘
140,601878,浙商证券,13:00:49,17.49,43884,17.48,中性盘
141,601878,浙商证券,13:00:37,17.45,83017,17.48,卖盘
142,601878,浙商证券,13:00:16,17.37,47600,17.36,买盘
143,601878,浙商证券,13:00:13,17.36,73200,17.36,买盘
144,601878,浙商证券,13:00:10,17.36,58808,17.38,中性盘
145,601878,浙商证券,13:00:07,17.38,136157,17.37,中性盘
146,601878,浙商证券,13:00:04,17.37,1227043,17.36,买盘
147,601878,浙商证券,13:00:01,17.36,273915,17.37,卖盘
148,601878,浙商证券,11:29:47,17.34,40500,17.36,中性盘
149,601878,浙商证券,11:29:38,17.35,66058,17.33,买盘
150,601878,浙商证券,11:29:32,17.32,54800,17.32,卖盘
151,601878,浙商证券,11:28:50,17.31,61694,17.27,买盘
152,601878,浙商证券,11:28:14,17.29,51453,17.29,买盘
153,601878,浙商证券,11:26:43,17.35,55400,17.33,买盘
154,601878,浙商证券,11:25:31,17.36,42692,17.36,买盘
155,601878,浙商证券,11:24:34,17.38,170400,17.37,买盘
156,601878,浙商证券,11:24:25,17.39,52100,17.38,买盘
157,601878,浙商证券,11:24:10,17.35,62998,17.37,卖盘
158,601878,浙商证券,11:24:07,17.37,56211,17.39,卖盘
159,601878,浙商证券,11:24:01,17.39,45500,17.38,买盘
160,601878,浙商证券,11:23:46,17.38,41140,17.36,买盘
161,601878,浙商证券,11:23:22,17.31,46800,17.31,卖盘
162,601878,浙商证券,11:23:07,17.3,62300,17.3,买盘
163,601878,浙商证券,11:23:04,17.3,66900,17.29,买盘
164,601878,浙商证券,11:22:46,17.28,51247,17.28,买盘
165,601878,浙商证券,11:22:22,17.26,90740,17.24,买盘
166,601878,浙商证券,11:21:40,17.22,50900,17.2,买盘
167,601878,浙商证券,11:21:37,17.2,45000,17.18,买盘
168,601878,浙商证券,11:21:31,17.18,160800,17.2,卖盘
169,601878,浙商证券,11:18:28,17.16,72500,17.16,买盘
170,601878,浙商证券,11:18:19,17.16,46000,17.16,卖盘
171,601878,浙商证券,11:15:55,17.16,74494,17.16,卖盘
172,601878,浙商证券,11:12:42,17.2,47200,17.19,买盘
173,601878,浙商证券,11:12:39,17.19,57447,17.19,卖盘
174,601878,浙商证券,11:12:30,17.19,44391,17.18,买盘
175,601878,浙商证券,11:01:22,17.2,63394,17.2,买盘
176,601878,浙商证券,10:57:01,16.93,45100,16.94,卖盘
177,601878,浙商证券,10:56:40,16.93,49600,16.95,卖盘
178,601878,浙商证券,10:54:52,17.05,285700,17.05,卖盘
179,601878,浙商证券,10:54:01,17.11,120200,17.12,卖盘
180,601878,浙商证券,10:48:48,17.18,65660,17.19,卖盘
181,601878,浙商证券,10:47:51,17.21,107200,17.2,买盘
182,601878,浙商证券,10:47:24,17.22,44347,17.21,买盘
183,601878,浙商证券,10:44:41,17.23,44859,17.25,卖盘
184,601878,浙商证券,10:43:05,17.22,60435,17.2,买盘
185,601878,浙商证券,10:39:49,17.36,49396,17.36,卖盘
186,601878,浙商证券,10:38:40,17.39,49347,17.39,卖盘
187,601878,浙商证券,10:38:16,17.4,46600,17.39,买盘
188,601878,浙商证券,10:37:40,17.38,41500,17.35,买盘
189,601878,浙商证券,10:36:09,17.3,53967,17.29,买盘
190,601878,浙商证券,10:36:00,17.3,42847,17.29,买盘
191,601878,浙商证券,10:35:33,17.28,40069,17.27,买盘
192,601878,浙商证券,10:34:58,17.25,50841,17.23,买盘
193,601878,浙商证券,10:34:45,17.22,78147,17.23,卖盘
194,601878,浙商证券,10:34:13,17.2,97040,17.19,买盘
195,601878,浙商证券,10:34:00,17.19,107800,17.2,中性盘
196,601878,浙商证券,10:33:57,17.2,207935,17.19,买盘
197,601878,浙商证券,10:32:54,17.17,161900,17.16,买盘
198,601878,浙商证券,10:32:36,17.16,77028,17.18,卖盘
199,601878,浙商证券,10:31:51,17.17,40475,17.17,买盘
200,601878,浙商证券,10:30:18,17.21,53900,17.21,买盘
201,601878,浙商证券,10:30:00,17.22,59100,17.22,卖盘
202,601878,浙商证券,10:29:18,17.25,60844,17.27,卖盘
203,601878,浙商证券,10:28:48,17.26,44649,17.29,卖盘
204,601878,浙商证券,10:28:33,17.28,70970,17.27,买盘
205,601878,浙商证券,10:27:57,17.27,68300,17.25,买盘
206,601878,浙商证券,10:27:45,17.23,68345,17.24,卖盘
207,601878,浙商证券,10:26:54,17.2,45700,17.2,买盘
208,601878,浙商证券,10:26:18,17.18,41000,17.16,买盘
209,601878,浙商证券,10:25:51,17.15,55800,17.16,卖盘
210,601878,浙商证券,10:25:15,17.19,50349,17.17,买盘
211,601878,浙商证券,10:24:23,17.22,45898,17.21,买盘
212,601878,浙商证券,10:23:14,17.28,41000,17.29,卖盘
213,601878,浙商证券,10:22:56,17.31,65100,17.3,买盘
214,601878,浙商证券,10:22:32,17.35,76507,17.37,卖盘
215,601878,浙商证券,10:22:17,17.4,45255,17.4,卖盘
216,601878,浙商证券,10:21:50,17.41,41596,17.42,卖盘
217,601878,浙商证券,10:21:23,17.39,69800,17.39,卖盘
218,601878,浙商证券,10:20:44,17.33,42170,17.32,买盘
219,601878,浙商证券,10:20:23,17.31,42547,17.3,买盘
220,601878,浙商证券,10:20:08,17.28,48721,17.27,买盘
221,601878,浙商证券,10:19:43,17.23,44300,17.22,买盘
222,601878,浙商证券,10:19:35,17.21,40549,17.2,买盘
223,601878,浙商证券,10:19:24,17.21,44653,17.18,买盘
224,601878,浙商证券,10:19:15,17.2,53049,17.18,买盘
225,601878,浙商证券,10:19:06,17.16,41600,17.19,中性盘
226,601878,浙商证券,10:18:57,17.18,98300,17.16,买盘
227,601878,浙商证券,10:18:45,17.16,55100,17.16,卖盘
228,601878,浙商证券,10:18:33,17.16,51149,17.17,中性盘
229,601878,浙商证券,10:18:21,17.18,40400,17.18,买盘
230,601878,浙商证券,10:18:18,17.18,44046,17.19,卖盘
231,601878,浙商证券,10:18:03,17.2,40300,17.21,卖盘
232,601878,浙商证券,10:18:00,17.21,75847,17.2,买盘
233,601878,浙商证券,10:17:57,17.2,50400,17.2,卖盘
234,601878,浙商证券,10:17:45,17.23,55700,17.23,买盘
235,601878,浙商证券,10:17:39,17.24,101567,17.25,卖盘
236,601878,浙商证券,10:17:27,17.23,84400,17.25,卖盘
237,601878,浙商证券,10:17:21,17.25,48453,17.27,卖盘
238,601878,浙商证券,10:17:18,17.27,57447,17.26,买盘
239,601878,浙商证券,10:16:54,17.32,68294,17.3,买盘
240,601878,浙商证券,10:16:21,17.38,44500,17.39,卖盘
241,601878,浙商证券,10:16:18,17.39,58341,17.4,卖盘
242,601878,浙商证券,10:16:15,17.4,47600,17.4,卖盘
243,601878,浙商证券,10:16:12,17.4,56500,17.4,卖盘
244,601878,浙商证券,10:16:06,17.4,48383,17.42,卖盘
245,601878,浙商证券,10:15:45,17.49,108600,17.5,中性盘
246,601878,浙商证券,10:15:42,17.5,46847,17.49,买盘
247,601878,浙商证券,10:15:36,17.49,81600,17.49,卖盘
248,601878,浙商证券,10:15:30,17.5,59500,17.51,卖盘
249,601878,浙商证券,10:15:27,17.51,55047,17.5,买盘
250,601878,浙商证券,10:15:21,17.52,46347,17.51,买盘
251,601878,浙商证券,10:15:18,17.51,40347,17.53,卖盘
252,601878,浙商证券,10:15:06,17.54,49300,17.55,买盘
253,601878,浙商证券,10:15:00,17.53,54147,17.51,买盘
254,601878,浙商证券,10:14:48,17.53,44000,17.53,卖盘
255,601878,浙商证券,10:14:42,17.51,40700,17.53,卖盘
256,601878,浙商证券,10:14:30,17.51,41600,17.51,买盘
257,601878,浙商证券,10:14:21,17.48,82500,17.5,卖盘
258,601878,浙商证券,10:14:18,17.5,43300,17.49,买盘
259,601878,浙商证券,10:14:00,17.47,197382,17.45,买盘
260,601878,浙商证券,10:13:54,17.45,54288,17.44,买盘
261,601878,浙商证券,10:13:48,17.44,43600,17.42,买盘
262,601878,浙商证券,10:13:45,17.42,40000,17.45,卖盘
263,601878,浙商证券,10:13:42,17.45,41800,17.45,买盘
264,601878,浙商证券,10:13:39,17.45,109447,17.45,买盘
265,601878,浙商证券,10:13:36,17.45,62700,17.43,买盘
266,601878,浙商证券,10:13:30,17.42,46600,17.45,卖盘
267,601878,浙商证券,10:13:27,17.45,51200,17.41,卖盘
268,601878,浙商证券,10:13:24,17.41,60900,17.43,卖盘
269,601878,浙商证券,10:13:21,17.43,62982,17.43,卖盘
270,601878,浙商证券,10:13:18,17.43,48842,17.42,买盘
271,601878,浙商证券,10:13:15,17.42,130052,17.4,买盘
272,601878,浙商证券,10:13:09,17.4,81646,17.45,卖盘
273,601878,浙商证券,10:13:06,17.45,70994,17.43,买盘
274,601878,浙商证券,10:13:03,17.43,49200,17.45,卖盘
275,601878,浙商证券,10:13:00,17.45,45795,17.45,卖盘
276,601878,浙商证券,10:12:57,17.45,42790,17.47,卖盘
277,601878,浙商证券,10:12:54,17.47,42200,17.45,买盘
278,601878,浙商证券,10:12:45,17.47,78100,17.47,卖盘
279,601878,浙商证券,10:12:39,17.47,51200,17.5,卖盘
280,601878,浙商证券,10:12:36,17.5,143700,17.49,买盘
281,601878,浙商证券,10:12:30,17.5,59818,17.5,卖盘
282,601878,浙商证券,10:12:27,17.5,114400,17.5,卖盘
283,601878,浙商证券,10:12:24,17.5,71600,17.51,卖盘
284,601878,浙商证券,10:12:21,17.51,53400,17.51,买盘
285,601878,浙商证券,10:12:00,17.59,81900,17.56,买盘
286,601878,浙商证券,10:11:57,17.56,81049,17.6,卖盘
287,601878,浙商证券,10:11:54,17.6,66633,17.6,买盘
288,601878,浙商证券,10:11:48,17.6,42653,17.64,卖盘
289,601878,浙商证券,10:11:45,17.64,51247,17.67,中性盘
290,601878,浙商证券,10:11:42,17.67,49100,17.66,买盘
291,601878,浙商证券,10:11:39,17.66,42049,17.65,买盘
292,601878,浙商证券,10:11:36,17.65,45000,17.67,卖盘
293,601878,浙商证券,10:11:33,17.67,76445,17.69,卖盘
294,601878,浙商证券,10:11:30,17.69,43547,17.69,买盘
295,601878,浙商证券,10:11:27,17.69,124400,17.7,卖盘
296,601878,浙商证券,10:11:24,17.7,81500,17.7,买盘
297,601878,浙商证券,10:11:21,17.7,71859,17.74,卖盘
298,601878,浙商证券,10:11:15,17.75,92600,17.71,买盘
299,601878,浙商证券,10:11:12,17.71,401700,17.74,卖盘
300,601878,浙商证券,10:11:09,17.74,98347,17.74,卖盘
301,601878,浙商证券,10:11:06,17.74,68800,17.76,卖盘
302,601878,浙商证券,10:11:03,17.76,102600,17.75,买盘
303,601878,浙商证券,10:11:00,17.75,132000,17.73,买盘
304,601878,浙商证券,10:10:57,17.73,100600,17.72,中性盘
305,601878,浙商证券,10:10:54,17.72,55000,17.72,卖盘
306,601878,浙商证券,10:10:51,17.72,153441,17.69,买盘
307,601878,浙商证券,10:10:48,17.69,124061,17.7,中性盘
308,601878,浙商证券,10:10:45,17.7,95100,17.68,买盘
309,601878,浙商证券,10:10:42,17.68,105694,17.69,中性盘
310,601878,浙商证券,10:10:39,17.69,122949,17.68,买盘
311,601878,浙商证券,10:10:36,17.68,72400,17.67,买盘
312,601878,浙商证券,10:10:27,17.63,186300,17.61,买盘
313,601878,浙商证券,10:10:24,17.61,141794,17.6,买盘
314,601878,浙商证券,10:10:21,17.6,73800,17.59,买盘
315,601878,浙商证券,10:10:18,17.59,184233,17.58,买盘
316,601878,浙商证券,10:10:15,17.58,71300,17.55,买盘
317,601878,浙商证券,10:10:12,17.55,70999,17.53,中性盘
318,601878,浙商证券,10:10:09,17.53,145194,17.51,中性盘
319,601878,浙商证券,10:10:06,17.51,247317,17.49,买盘
320,601878,浙商证券,10:10:03,17.49,293400,17.45,买盘
321,601878,浙商证券,10:10:00,17.45,132800,17.49,卖盘
322,601878,浙商证券,10:09:57,17.49,282500,17.45,买盘
323,601878,浙商证券,10:09:54,17.45,207417,17.4,买盘
324,601878,浙商证券,10:09:51,17.4,65200,17.42,卖盘
325,601878,浙商证券,10:09:48,17.42,96500,17.41,买盘
326,601878,浙商证券,10:09:45,17.41,60300,17.36,买盘
327,601878,浙商证券,10:09:42,17.36,87247,17.36,卖盘
328,601878,浙商证券,10:09:39,17.36,77000,17.37,卖盘
329,601878,浙商证券,10:09:36,17.37,60300,17.33,中性盘
330,601878,浙商证券,10:09:33,17.33,59000,17.35,卖盘
331,601878,浙商证券,10:09:30,17.35,127149,17.35,卖盘
332,601878,浙商证券,10:09:27,17.35,74600,17.4,卖盘
333,601878,浙商证券,10:09:24,17.4,133247,17.35,买盘
334,601878,浙商证券,10:09:21,17.35,232000,17.36,中性盘
335,601878,浙商证券,10:09:18,17.36,121104,17.34,买盘
336,601878,浙商证券,10:09:12,17.35,95447,17.33,买盘
337,601878,浙商证券,10:09:09,17.33,57600,17.35,中性盘
338,601878,浙商证券,10:09:06,17.35,78704,17.38,卖盘
339,601878,浙商证券,10:09:03,17.38,77347,17.35,买盘
340,601878,浙商证券,10:09:00,17.35,46449,17.36,卖盘
341,601878,浙商证券,10:08:57,17.36,47700,17.38,卖盘
342,601878,浙商证券,10:08:54,17.38,93894,17.36,买盘
343,601878,浙商证券,10:08:51,17.36,60300,17.38,卖盘
344,601878,浙商证券,10:08:48,17.38,87700,17.42,卖盘
345,601878,浙商证券,10:08:45,17.42,58100,17.4,买盘
346,601878,浙商证券,10:08:42,17.4,89383,17.45,卖盘
347,601878,浙商证券,10:08:39,17.45,181600,17.44,买盘
348,601878,浙商证券,10:08:36,17.44,74400,17.44,卖盘
349,601878,浙商证券,10:08:33,17.44,135447,17.45,中性盘
350,601878,浙商证券,10:08:30,17.45,95596,17.45,买盘
351,601878,浙商证券,10:08:27,17.45,125496,17.45,卖盘
352,601878,浙商证券,10:08:24,17.45,91647,17.49,中性盘
353,601878,浙商证券,10:08:21,17.49,172743,17.43,买盘
354,601878,浙商证券,10:08:18,17.43,140000,17.42,中性盘
355,601878,浙商证券,10:08:15,17.42,194694,17.48,卖盘
356,601878,浙商证券,10:08:12,17.48,278847,17.44,买盘
357,601878,浙商证券,10:08:09,17.44,274447,17.47,卖盘
358,601878,浙商证券,10:08:06,17.47,189200,17.48,卖盘
359,601878,浙商证券,10:08:03,17.48,145300,17.45,买盘
360,601878,浙商证券,10:08:00,17.45,101400,17.47,卖盘
361,601878,浙商证券,10:07:57,17.47,101900,17.48,中性盘
362,601878,浙商证券,10:07:54,17.48,245531,17.38,买盘
363,601878,浙商证券,10:07:51,17.38,145700,17.4,卖盘
364,601878,浙商证券,10:07:45,17.38,191600,17.36,买盘
365,601878,浙商证券,10:07:42,17.36,73147,17.3,买盘
366,601878,浙商证券,10:07:39,17.3,75000,17.29,买盘
367,601878,浙商证券,10:07:36,17.29,121500,17.25,买盘
368,601878,浙商证券,10:07:33,17.25,86444,17.24,买盘
369,601878,浙商证券,10:07:30,17.24,111647,17.2,买盘
370,601878,浙商证券,10:07:27,17.2,95900,17.2,买盘
371,601878,浙商证券,10:07:24,17.2,69000,17.18,买盘
372,601878,浙商证券,10:07:21,17.18,61800,17.15,买盘
373,601878,浙商证券,10:07:18,17.15,50604,17.13,买盘
374,601878,浙商证券,10:07:15,17.13,148642,17.1,买盘
375,601878,浙商证券,10:07:12,17.1,44500,17.08,买盘
376,601878,浙商证券,10:07:09,17.08,56500,17.04,买盘
377,601878,浙商证券,10:07:06,17.04,117915,17.0,买盘
378,601878,浙商证券,10:07:03,17.0,1077800,16.98,买盘
379,601878,浙商证券,10:07:00,16.98,167300,16.98,卖盘
380,601878,浙商证券,10:06:57,16.98,191300,16.98,买盘
381,601878,浙商证券,10:06:54,16.98,239700,16.98,买盘
382,601878,浙商证券,10:06:51,16.98,88747,16.97,买盘
383,601878,浙商证券,10:06:48,16.97,128047,16.97,买盘
384,601878,浙商证券,10:06:45,16.97,205399,16.95,买盘
385,601878,浙商证券,10:06:39,16.95,75347,16.95,买盘
386,601878,浙商证券,10:06:36,16.95,448300,16.89,买盘
387,601878,浙商证券,10:06:30,16.89,240349,16.89,买盘
388,601878,浙商证券,10:06:24,16.89,126982,16.88,买盘
389,601878,浙商证券,10:06:21,16.88,299494,16.86,买盘
390,601878,浙商证券,10:06:15,16.86,418317,16.81,买盘
391,601878,浙商证券,10:06:09,16.81,135700,16.81,卖盘
392,601878,浙商证券,10:06:06,16.81,273500,16.78,买盘
393,601878,浙商证券,10:06:03,16.78,1061447,16.77,中性盘
394,601878,浙商证券,10:06:00,16.77,61000,16.77,卖盘
395,601878,浙商证券,10:05:57,16.77,65900,16.78,卖盘
396,601878,浙商证券,10:05:51,16.77,49487,16.77,卖盘
397,601878,浙商证券,10:05:48,16.77,145347,16.77,卖盘
398,601878,浙商证券,10:05:45,16.77,60500,16.77,卖盘
399,601878,浙商证券,10:05:42,16.77,71800,16.77,卖盘
400,601878,浙商证券,10:05:39,16.77,57747,16.77,卖盘
401,601878,浙商证券,10:05:36,16.77,51800,16.77,卖盘
402,601878,浙商证券,10:05:33,16.77,43100,16.77,卖盘
403,601878,浙商证券,10:05:27,16.77,46400,16.77,卖盘
404,601878,浙商证券,10:05:24,16.77,43400,16.77,卖盘
405,601878,浙商证券,10:05:21,16.77,106447,16.77,买盘
406,601878,浙商证券,10:05:18,16.77,122398,16.76,买盘
407,601878,浙商证券,10:05:15,16.76,70047,16.76,卖盘
408,601878,浙商证券,10:05:12,16.76,72900,16.76,卖盘
409,601878,浙商证券,10:05:09,16.76,56600,16.76,卖盘
410,601878,浙商证券,10:05:06,16.76,40500,16.77,卖盘
411,601878,浙商证券,10:05:03,16.77,43846,16.77,买盘
412,601878,浙商证券,10:05:00,16.77,44249,16.75,买盘
413,601878,浙商证券,10:04:57,16.75,44300,16.76,卖盘
414,601878,浙商证券,10:04:54,16.76,111429,16.75,买盘
415,601878,浙商证券,10:04:51,16.75,124800,16.75,买盘
416,601878,浙商证券,10:04:48,16.75,68800,16.75,买盘
417,601878,浙商证券,10:04:45,16.75,151706,16.76,卖盘
418,601878,浙商证券,10:04:42,16.76,62294,16.76,买盘
419,601878,浙商证券,10:04:39,16.76,54600,16.75,买盘
420,601878,浙商证券,10:04:36,16.75,52704,16.75,买盘
421,601878,浙商证券,10:04:33,16.75,87600,16.75,买盘
422,601878,浙商证券,10:04:30,16.75,144996,16.76,卖盘
423,601878,浙商证券,10:04:27,16.76,198837,16.76,卖盘
424,601878,浙商证券,10:04:21,16.75,151827,16.75,买盘
425,601878,浙商证券,10:04:18,16.75,129100,16.75,买盘
426,601878,浙商证券,10:04:15,16.75,134700,16.75,卖盘
427,601878,浙商证券,10:04:09,16.75,71647,16.75,买盘
428,601878,浙商证券,10:04:06,16.75,40549,16.74,买盘
429,601878,浙商证券,10:04:03,16.74,138298,16.74,买盘
430,601878,浙商证券,10:04:00,16.74,81400,16.7,买盘
431,601878,浙商证券,10:03:57,16.7,103927,16.72,卖盘
432,601878,浙商证券,10:03:48,16.71,88000,16.7,买盘
433,601878,浙商证券,10:03:45,16.7,118700,16.7,买盘
434,601878,浙商证券,10:03:42,16.7,95600,16.7,买盘
435,601878,浙商证券,10:03:39,16.7,43147,16.7,买盘
436,601878,浙商证券,10:03:36,16.7,52500,16.69,买盘
437,601878,浙商证券,10:03:33,16.69,67600,16.69,卖盘
438,601878,浙商证券,10:03:24,16.69,93817,16.69,买盘
439,601878,浙商证券,10:03:21,16.69,72049,16.68,买盘
440,601878,浙商证券,10:03:18,16.68,48200,16.68,卖盘
441,601878,浙商证券,10:03:15,16.68,115300,16.68,卖盘
442,601878,浙商证券,10:03:12,16.68,43200,16.68,买盘
443,601878,浙商证券,10:03:08,16.68,95300,16.67,买盘
444,601878,浙商证券,10:03:06,16.67,44047,16.67,卖盘
445,601878,浙商证券,10:03:03,16.67,40699,16.67,卖盘
446,601878,浙商证券,10:03:00,16.67,63746,16.67,卖盘
447,601878,浙商证券,10:02:48,16.67,51949,16.66,买盘
448,601878,浙商证券,10:02:36,16.64,364740,16.64,买盘
449,601878,浙商证券,10:02:18,16.62,41000,16.62,卖盘
450,601878,浙商证券,10:02:09,16.62,53500,16.61,买盘
451,601878,浙商证券,10:02:06,16.61,72700,16.61,买盘
452,601878,浙商证券,10:02:03,16.61,45000,16.61,卖盘
453,601878,浙商证券,10:01:41,16.6,50800,16.6,买盘
454,601878,浙商证券,10:01:26,16.6,325712,16.58,买盘
455,601878,浙商证券,10:01:17,16.58,54847,16.57,买盘
456,601878,浙商证券,10:00:35,16.58,47046,16.58,卖盘
457,601878,浙商证券,09:59:59,16.58,61700,16.58,买盘
458,601878,浙商证券,09:59:47,16.57,60800,16.58,卖盘
459,601878,浙商证券,09:59:29,16.57,54482,16.58,卖盘
460,601878,浙商证券,09:59:08,16.58,54800,16.58,卖盘
461,601878,浙商证券,09:58:56,16.58,42500,16.6,卖盘
462,601878,浙商证券,09:58:47,16.59,49796,16.61,卖盘
463,601878,浙商证券,09:58:38,16.6,41900,16.6,买盘
464,601878,浙商证券,09:58:35,16.6,47200,16.6,买盘
465,601878,浙商证券,09:58:32,16.6,40000,16.6,买盘
466,601878,浙商证券,09:58:23,16.6,45426,16.62,卖盘
467,601878,浙商证券,09:58:20,16.62,42900,16.61,买盘
468,601878,浙商证券,09:58:17,16.61,40147,16.61,买盘
469,601878,浙商证券,09:58:14,16.61,47094,16.6,中性盘
470,601878,浙商证券,09:58:11,16.6,41649,16.6,卖盘
471,601878,浙商证券,09:58:05,16.61,174700,16.6,中性盘
472,601878,浙商证券,09:57:59,16.62,49700,16.63,卖盘
473,601878,浙商证券,09:57:56,16.63,51100,16.63,买盘
474,601878,浙商证券,09:57:53,16.63,54000,16.63,买盘
475,601878,浙商证券,09:57:50,16.63,48004,16.65,卖盘
476,601878,浙商证券,09:57:47,16.65,47800,16.65,买盘
477,601878,浙商证券,09:57:44,16.65,102700,16.65,买盘
478,601878,浙商证券,09:57:39,16.65,122314,16.66,卖盘
479,601878,浙商证券,09:57:38,16.66,41147,16.67,卖盘
480,601878,浙商证券,09:57:33,16.67,52500,16.67,买盘
481,601878,浙商证券,09:57:32,16.67,42100,16.66,买盘
482,601878,浙商证券,09:57:29,16.66,57288,16.65,买盘
483,601878,浙商证券,09:57:24,16.65,56310,16.66,卖盘
484,601878,浙商证券,09:57:23,16.66,54400,16.66,卖盘
485,601878,浙商证券,09:57:18,16.66,41900,16.66,卖盘
486,601878,浙商证券,09:57:17,16.66,45847,16.66,卖盘
487,601878,浙商证券,09:57:09,16.66,50000,16.66,卖盘
488,601878,浙商证券,09:57:08,16.66,52696,16.65,买盘
489,601878,浙商证券,09:57:05,16.65,238100,16.66,卖盘
490,601878,浙商证券,09:57:02,16.66,72400,16.65,买盘
491,601878,浙商证券,09:56:57,16.65,56700,16.65,卖盘
492,601878,浙商证券,09:56:48,16.64,91700,16.64,卖盘
493,601878,浙商证券,09:56:42,16.65,44200,16.65,买盘
494,601878,浙商证券,09:56:39,16.65,50600,16.64,买盘
495,601878,浙商证券,09:56:36,16.64,78499,16.64,卖盘
496,601878,浙商证券,09:56:33,16.64,142011,16.63,买盘
497,601878,浙商证券,09:56:27,16.64,56047,16.64,买盘
498,601878,浙商证券,09:56:24,16.64,48047,16.63,买盘
499,601878,浙商证券,09:56:18,16.6,68300,16.6,卖盘
500,601878,浙商证券,09:56:15,16.6,65900,16.6,卖盘
501,601878,浙商证券,09:56:12,16.6,75847,16.59,卖盘
502,601878,浙商证券,09:56:09,16.59,165618,16.59,卖盘
503,601878,浙商证券,09:56:06,16.59,41300,16.6,卖盘
504,601878,浙商证券,09:56:03,16.6,88200,16.58,买盘
505,601878,浙商证券,09:56:00,16.58,53888,16.57,买盘
506,601878,浙商证券,09:55:57,16.57,66000,16.57,卖盘
507,601878,浙商证券,09:55:54,16.57,46500,16.57,卖盘
508,601878,浙商证券,09:55:51,16.57,41600,16.57,卖盘
509,601878,浙商证券,09:55:48,16.57,52564,16.56,买盘
510,601878,浙商证券,09:55:45,16.56,55398,16.58,卖盘
511,601878,浙商证券,09:55:39,16.56,47400,16.56,买盘
512,601878,浙商证券,09:55:36,16.56,44308,16.57,卖盘
513,601878,浙商证券,09:55:27,16.57,52200,16.56,买盘
514,601878,浙商证券,09:55:21,16.56,46353,16.57,卖盘
515,601878,浙商证券,09:55:15,16.57,50800,16.57,卖盘
516,601878,浙商证券,09:55:12,16.57,51294,16.58,卖盘
517,601878,浙商证券,09:55:09,16.58,207400,16.57,买盘
518,601878,浙商证券,09:55:00,16.57,72547,16.57,卖盘
519,601878,浙商证券,09:54:57,16.57,41700,16.58,卖盘
520,601878,浙商证券,09:54:54,16.58,80200,16.58,买盘
521,601878,浙商证券,09:54:51,16.58,51200,16.58,买盘
522,601878,浙商证券,09:54:48,16.58,74082,16.58,卖盘
523,601878,浙商证券,09:54:45,16.58,54600,16.58,卖盘
524,601878,浙商证券,09:54:42,16.58,51200,16.58,卖盘
525,601878,浙商证券,09:54:39,16.58,104539,16.58,卖盘
526,601878,浙商证券,09:54:36,16.58,105579,16.59,卖盘
527,601878,浙商证券,09:54:33,16.59,116600,16.58,买盘
528,601878,浙商证券,09:54:30,16.58,99000,16.58,买盘
529,601878,浙商证券,09:54:24,16.58,81083,16.59,卖盘
530,601878,浙商证券,09:54:21,16.59,90960,16.57,买盘
531,601878,浙商证券,09:54:12,16.59,45500,16.59,卖盘
532,601878,浙商证券,09:54:09,16.59,172276,16.6,卖盘
533,601878,浙商证券,09:53:57,16.62,51947,16.64,中性盘
534,601878,浙商证券,09:53:54,16.64,54247,16.64,买盘
535,601878,浙商证券,09:53:51,16.64,40181,16.6,买盘
536,601878,浙商证券,09:53:48,16.6,138100,16.6,买盘
537,601878,浙商证券,09:53:45,16.6,63900,16.59,买盘
538,601878,浙商证券,09:53:42,16.59,308915,16.62,卖盘
539,601878,浙商证券,09:53:39,16.62,64600,16.65,卖盘
540,601878,浙商证券,09:53:33,16.64,58300,16.66,卖盘
541,601878,浙商证券,09:53:30,16.66,64103,16.65,买盘
542,601878,浙商证券,09:53:27,16.65,91196,16.65,买盘
543,601878,浙商证券,09:53:24,16.65,95149,16.65,买盘
544,601878,浙商证券,09:53:21,16.65,169398,16.64,买盘
545,601878,浙商证券,09:53:18,16.64,128000,16.64,卖盘
546,601878,浙商证券,09:53:15,16.64,69600,16.65,卖盘
547,601878,浙商证券,09:53:12,16.65,179600,16.65,买盘
548,601878,浙商证券,09:53:09,16.65,120700,16.64,买盘
549,601878,浙商证券,09:53:06,16.64,82956,16.65,卖盘
550,601878,浙商证券,09:53:03,16.65,79444,16.63,买盘
551,601878,浙商证券,09:53:00,16.63,42496,16.63,卖盘
552,601878,浙商证券,09:52:57,16.63,88996,16.63,卖盘
553,601878,浙商证券,09:52:54,16.63,43694,16.6,买盘
554,601878,浙商证券,09:52:51,16.6,62000,16.6,卖盘
555,601878,浙商证券,09:52:48,16.6,50207,16.6,卖盘
556,601878,浙商证券,09:52:45,16.6,140700,16.6,买盘
557,601878,浙商证券,09:52:42,16.6,106700,16.58,买盘
558,601878,浙商证券,09:52:39,16.58,111137,16.59,卖盘
559,601878,浙商证券,09:52:36,16.59,52800,16.57,买盘
560,601878,浙商证券,09:52:18,16.56,40617,16.54,买盘
561,601878,浙商证券,09:52:15,16.54,53898,16.53,中性盘
562,601878,浙商证券,09:52:12,16.53,116700,16.52,买盘
563,601878,浙商证券,09:52:09,16.52,56247,16.51,买盘
564,601878,浙商证券,09:52:06,16.51,58596,16.51,卖盘
565,601878,浙商证券,09:52:03,16.51,84096,16.51,买盘
566,601878,浙商证券,09:52:00,16.51,72049,16.51,买盘
567,601878,浙商证券,09:51:57,16.51,75425,16.5,买盘
568,601878,浙商证券,09:51:54,16.5,142200,16.5,买盘
569,601878,浙商证券,09:51:51,16.5,53900,16.5,买盘
570,601878,浙商证券,09:51:48,16.5,267496,16.49,买盘
571,601878,浙商证券,09:51:45,16.49,58577,16.5,卖盘
572,601878,浙商证券,09:51:42,16.5,108749,16.5,买盘
573,601878,浙商证券,09:51:39,16.5,109246,16.49,买盘
574,601878,浙商证券,09:51:33,16.49,85447,16.48,买盘
575,601878,浙商证券,09:51:30,16.48,66158,16.48,卖盘
576,601878,浙商证券,09:51:27,16.48,77847,16.49,卖盘
577,601878,浙商证券,09:51:24,16.49,82994,16.48,买盘
578,601878,浙商证券,09:51:21,16.48,45888,16.49,卖盘
579,601878,浙商证券,09:51:18,16.49,42200,16.48,买盘
580,601878,浙商证券,09:51:15,16.48,56500,16.47,买盘
581,601878,浙商证券,09:51:12,16.47,62088,16.47,卖盘
582,601878,浙商证券,09:51:09,16.47,48412,16.48,买盘
583,601878,浙商证券,09:51:06,16.48,56700,16.47,买盘
584,601878,浙商证券,09:51:03,16.47,59804,16.46,买盘
585,601878,浙商证券,09:51:00,16.46,45800,16.47,卖盘
586,601878,浙商证券,09:50:57,16.47,44796,16.47,卖盘
587,601878,浙商证券,09:50:54,16.47,57900,16.47,买盘
588,601878,浙商证券,09:50:51,16.47,113196,16.45,买盘
589,601878,浙商证券,09:50:48,16.45,53100,16.46,卖盘
590,601878,浙商证券,09:50:45,16.46,103099,16.45,买盘
591,601878,浙商证券,09:50:42,16.45,118600,16.45,买盘
592,601878,浙商证券,09:50:39,16.45,50547,16.44,买盘
593,601878,浙商证券,09:50:36,16.44,160600,16.44,卖盘
594,601878,浙商证券,09:50:33,16.44,46301,16.45,卖盘
595,601878,浙商证券,09:50:30,16.45,63499,16.44,买盘
596,601878,浙商证券,09:50:27,16.44,55100,16.44,买盘
597,601878,浙商证券,09:50:24,16.44,106049,16.44,买盘
598,601878,浙商证券,09:50:21,16.44,83496,16.45,卖盘
599,601878,浙商证券,09:50:18,16.45,66647,16.44,买盘
600,601878,浙商证券,09:50:15,16.44,62595,16.43,中性盘
601,601878,浙商证券,09:50:12,16.43,82400,16.45,卖盘
602,601878,浙商证券,09:50:09,16.45,49647,16.44,买盘
603,601878,浙商证券,09:50:06,16.44,46200,16.44,买盘
604,601878,浙商证券,09:50:03,16.44,46200,16.43,买盘
605,601878,浙商证券,09:50:00,16.43,104794,16.44,卖盘
606,601878,浙商证券,09:49:51,16.43,50949,16.45,卖盘
607,601878,浙商证券,09:49:48,16.45,53200,16.45,买盘
608,601878,浙商证券,09:49:45,16.45,41849,16.44,买盘
609,601878,浙商证券,09:49:42,16.44,46400,16.46,卖盘
610,601878,浙商证券,09:49:39,16.46,58441,16.46,卖盘
611,601878,浙商证券,09:49:36,16.46,97772,16.45,中性盘
612,601878,浙商证券,09:49:33,16.45,64794,16.46,卖盘
613,601878,浙商证券,09:49:30,16.46,68600,16.46,卖盘
614,601878,浙商证券,09:49:27,16.46,77294,16.46,买盘
615,601878,浙商证券,09:49:24,16.46,99045,16.47,卖盘
616,601878,浙商证券,09:49:21,16.47,75847,16.47,买盘
617,601878,浙商证券,09:49:18,16.47,49400,16.47,买盘
618,601878,浙商证券,09:49:12,16.46,70249,16.47,卖盘
619,601878,浙商证券,09:49:09,16.47,54600,16.46,卖盘
620,601878,浙商证券,09:49:06,16.46,53800,16.46,卖盘
621,601878,浙商证券,09:49:03,16.46,45800,16.47,卖盘
622,601878,浙商证券,09:49:00,16.47,89808,16.49,卖盘
623,601878,浙商证券,09:48:57,16.49,103247,16.47,买盘
624,601878,浙商证券,09:48:54,16.47,72149,16.5,卖盘
625,601878,浙商证券,09:48:51,16.5,94600,16.49,买盘
626,601878,浙商证券,09:48:48,16.49,149900,16.5,卖盘
627,601878,浙商证券,09:48:45,16.5,133149,16.49,买盘
628,601878,浙商证券,09:48:42,16.49,96830,16.49,卖盘
629,601878,浙商证券,09:48:39,16.49,117200,16.49,卖盘
630,601878,浙商证券,09:48:36,16.49,84400,16.51,卖盘
631,601878,浙商证券,09:48:33,16.51,148174,16.5,买盘
632,601878,浙商证券,09:48:30,16.5,121100,16.49,买盘
633,601878,浙商证券,09:48:27,16.49,112249,16.5,卖盘
634,601878,浙商证券,09:48:24,16.5,73300,16.5,买盘
635,601878,浙商证券,09:48:21,16.5,141653,16.51,卖盘
636,601878,浙商证券,09:48:18,16.51,130700,16.5,买盘
637,601878,浙商证券,09:48:15,16.5,99000,16.5,卖盘
638,601878,浙商证券,09:48:12,16.5,117200,16.5,卖盘
639,601878,浙商证券,09:48:09,16.5,156394,16.5,买盘
640,601878,浙商证券,09:48:06,16.5,237000,16.5,卖盘
641,601878,浙商证券,09:48:03,16.5,88900,16.5,买盘
642,601878,浙商证券,09:48:00,16.5,120500,16.5,买盘
643,601878,浙商证券,09:47:57,16.5,66400,16.5,买盘
644,601878,浙商证券,09:47:54,16.5,71347,16.49,买盘
645,601878,浙商证券,09:47:51,16.49,112547,16.48,买盘
646,601878,浙商证券,09:47:48,16.48,49800,16.46,买盘
647,601878,浙商证券,09:47:45,16.46,51547,16.47,中性盘
648,601878,浙商证券,09:47:42,16.47,64047,16.45,买盘
649,601878,浙商证券,09:47:39,16.45,105844,16.42,买盘
650,601878,浙商证券,09:47:36,16.42,80294,16.41,中性盘
651,601878,浙商证券,09:47:33,16.41,128400,16.42,中性盘
652,601878,浙商证券,09:47:30,16.42,128500,16.4,买盘
653,601878,浙商证券,09:47:27,16.4,206523,16.37,买盘
654,601878,浙商证券,09:47:24,16.37,268696,16.37,卖盘
655,601878,浙商证券,09:47:21,16.37,250040,16.37,卖盘
656,601878,浙商证券,09:47:18,16.37,293347,16.35,买盘
657,601878,浙商证券,09:47:15,16.35,144044,16.35,卖盘
658,601878,浙商证券,09:47:12,16.35,196696,16.35,买盘
659,601878,浙商证券,09:47:09,16.35,108947,16.35,买盘
660,601878,浙商证券,09:47:06,16.35,99004,16.35,卖盘
661,601878,浙商证券,09:47:03,16.35,97896,16.35,卖盘
662,601878,浙商证券,09:47:00,16.35,83847,16.36,卖盘
663,601878,浙商证券,09:46:57,16.36,87037,16.36,卖盘
664,601878,浙商证券,09:46:54,16.36,107263,16.38,卖盘
665,601878,浙商证券,09:46:51,16.38,52300,16.38,买盘
666,601878,浙商证券,09:46:48,16.38,79803,16.38,卖盘
667,601878,浙商证券,09:46:45,16.38,87200,16.4,卖盘
668,601878,浙商证券,09:46:42,16.4,94200,16.4,买盘
669,601878,浙商证券,09:46:39,16.4,77144,16.4,买盘
670,601878,浙商证券,09:46:36,16.4,107808,16.41,卖盘
671,601878,浙商证券,09:46:33,16.41,116900,16.4,买盘
672,601878,浙商证券,09:46:30,16.4,112896,16.41,卖盘
673,601878,浙商证券,09:46:27,16.41,113096,16.41,卖盘
674,601878,浙商证券,09:46:24,16.41,62400,16.42,卖盘
675,601878,浙商证券,09:46:21,16.42,75300,16.45,卖盘
676,601878,浙商证券,09:46:18,16.45,47600,16.44,买盘
677,601878,浙商证券,09:46:15,16.44,76797,16.47,卖盘
678,601878,浙商证券,09:46:12,16.47,78994,16.45,买盘
679,601878,浙商证券,09:46:09,16.45,58268,16.46,卖盘
680,601878,浙商证券,09:46:06,16.46,58149,16.49,卖盘
681,601878,浙商证券,09:46:03,16.49,67800,16.48,买盘
682,601878,浙商证券,09:46:00,16.48,79896,16.5,卖盘
683,601878,浙商证券,09:45:57,16.5,130796,16.5,买盘
684,601878,浙商证券,09:45:54,16.5,84400,16.5,买盘
685,601878,浙商证券,09:45:51,16.5,111040,16.5,卖盘
686,601878,浙商证券,09:45:48,16.5,141943,16.5,卖盘
687,601878,浙商证券,09:45:45,16.5,157447,16.5,卖盘
688,601878,浙商证券,09:45:42,16.5,101494,16.5,卖盘
689,601878,浙商证券,09:45:39,16.5,136300,16.51,卖盘
690,601878,浙商证券,09:45:36,16.51,92094,16.52,卖盘
691,601878,浙商证券,09:45:33,16.52,60300,16.5,中性盘
692,601878,浙商证券,09:45:30,16.5,124694,16.52,卖盘
693,601878,浙商证券,09:45:24,16.52,298539,16.56,卖盘
694,601878,浙商证券,09:45:18,16.56,97700,16.56,买盘
695,601878,浙商证券,09:45:15,16.56,111249,16.58,卖盘
696,601878,浙商证券,09:45:09,16.58,447500,16.59,卖盘
697,601878,浙商证券,09:45:03,16.59,65353,16.59,卖盘
698,601878,浙商证券,09:44:57,16.6,386473,16.6,卖盘
699,601878,浙商证券,09:44:54,16.6,58600,16.61,卖盘
700,601878,浙商证券,09:44:51,16.61,57400,16.62,卖盘
701,601878,浙商证券,09:44:48,16.62,336500,16.62,买盘
702,601878,浙商证券,09:44:45,16.62,65600,16.63,卖盘
703,601878,浙商证券,09:44:42,16.63,68300,16.64,中性盘
704,601878,浙商证券,09:44:39,16.64,46747,16.64,买盘
705,601878,浙商证券,09:44:36,16.64,49000,16.63,买盘
706,601878,浙商证券,09:44:33,16.63,71547,16.63,卖盘
707,601878,浙商证券,09:44:30,16.63,60600,16.66,卖盘
708,601878,浙商证券,09:44:27,16.66,47599,16.63,买盘
709,601878,浙商证券,09:44:21,16.64,43600,16.67,卖盘
710,601878,浙商证券,09:44:18,16.67,73500,16.67,买盘
711,601878,浙商证券,09:44:12,16.67,271139,16.67,买盘
712,601878,浙商证券,09:44:09,16.67,58100,16.68,卖盘
713,601878,浙商证券,09:44:06,16.68,80147,16.68,买盘
714,601878,浙商证券,09:44:03,16.68,91900,16.68,买盘
715,601878,浙商证券,09:44:00,16.68,40900,16.68,买盘
716,601878,浙商证券,09:43:57,16.68,94306,16.69,卖盘
717,601878,浙商证券,09:43:54,16.69,61200,16.68,买盘
718,601878,浙商证券,09:43:51,16.68,45300,16.69,卖盘
719,601878,浙商证券,09:43:48,16.69,44600,16.68,买盘
720,601878,浙商证券,09:43:45,16.68,57994,16.68,卖盘
721,601878,浙商证券,09:43:36,16.7,85400,16.7,买盘
722,601878,浙商证券,09:43:33,16.7,54200,16.7,买盘
723,601878,浙商证券,09:43:30,16.7,55700,16.7,买盘
724,601878,浙商证券,09:43:27,16.7,64510,16.7,卖盘
725,601878,浙商证券,09:43:24,16.7,55100,16.71,卖盘
726,601878,浙商证券,09:43:21,16.71,42355,16.7,买盘
727,601878,浙商证券,09:43:18,16.7,69947,16.7,卖盘
728,601878,浙商证券,09:43:15,16.7,60000,16.73,卖盘
729,601878,浙商证券,09:43:12,16.73,106900,16.7,买盘
730,601878,浙商证券,09:43:09,16.7,280688,16.71,卖盘
731,601878,浙商证券,09:43:06,16.71,62200,16.71,卖盘
732,601878,浙商证券,09:43:03,16.71,54400,16.72,卖盘
733,601878,浙商证券,09:42:57,16.72,49047,16.72,卖盘
734,601878,浙商证券,09:42:54,16.72,80049,16.72,卖盘
735,601878,浙商证券,09:42:51,16.72,46249,16.73,卖盘
736,601878,浙商证券,09:42:48,16.73,44949,16.73,买盘
737,601878,浙商证券,09:42:45,16.73,47353,16.74,卖盘
738,601878,浙商证券,09:42:42,16.74,51847,16.74,买盘
739,601878,浙商证券,09:42:39,16.74,109400,16.73,买盘
740,601878,浙商证券,09:42:36,16.73,44200,16.74,卖盘
741,601878,浙商证券,09:42:33,16.74,52600,16.74,买盘
742,601878,浙商证券,09:42:27,16.76,60804,16.75,买盘
743,601878,浙商证券,09:42:21,16.76,82949,16.75,买盘
744,601878,浙商证券,09:42:18,16.75,42747,16.75,买盘
745,601878,浙商证券,09:42:15,16.75,54800,16.77,中性盘
746,601878,浙商证券,09:42:12,16.77,55900,16.76,买盘
747,601878,浙商证券,09:42:09,16.76,80788,16.76,买盘
748,601878,浙商证券,09:42:06,16.76,76149,16.76,买盘
749,601878,浙商证券,09:42:03,16.76,57047,16.77,卖盘
750,601878,浙商证券,09:42:00,16.77,75700,16.77,卖盘
751,601878,浙商证券,09:41:57,16.77,82789,16.76,买盘
752,601878,浙商证券,09:41:51,16.76,64299,16.76,卖盘
753,601878,浙商证券,09:41:48,16.76,77700,16.76,卖盘
754,601878,浙商证券,09:41:45,16.76,97200,16.77,卖盘
755,601878,浙商证券,09:41:42,16.77,53800,16.77,买盘
756,601878,浙商证券,09:41:39,16.77,59800,16.77,买盘
757,601878,浙商证券,09:41:36,16.77,54200,16.78,中性盘
758,601878,浙商证券,09:41:32,16.78,64239,16.76,买盘
759,601878,浙商证券,09:41:30,16.76,60900,16.78,卖盘
760,601878,浙商证券,09:41:27,16.78,80324,16.78,买盘
761,601878,浙商证券,09:41:24,16.78,74500,16.78,买盘
762,601878,浙商证券,09:41:20,16.78,65849,16.77,买盘
763,601878,浙商证券,09:41:17,16.77,87500,16.78,中性盘
764,601878,浙商证券,09:41:15,16.78,63900,16.78,买盘
765,601878,浙商证券,09:41:12,16.78,92549,16.76,买盘
766,601878,浙商证券,09:41:09,16.76,103182,16.79,卖盘
767,601878,浙商证券,09:41:06,16.79,96747,16.77,买盘
768,601878,浙商证券,09:41:03,16.77,111200,16.78,卖盘
769,601878,浙商证券,09:40:59,16.78,113300,16.79,卖盘
770,601878,浙商证券,09:40:56,16.79,78300,16.79,买盘
771,601878,浙商证券,09:40:54,16.79,93600,16.79,买盘
772,601878,浙商证券,09:40:50,16.79,118947,16.79,买盘
773,601878,浙商证券,09:40:48,16.79,81347,16.78,买盘
774,601878,浙商证券,09:40:44,16.78,126500,16.78,买盘
775,601878,浙商证券,09:40:42,16.78,64500,16.77,中性盘
776,601878,浙商证券,09:40:38,16.77,222901,16.79,卖盘
777,601878,浙商证券,09:40:35,16.79,110846,16.79,卖盘
778,601878,浙商证券,09:40:32,16.79,141900,16.8,卖盘
779,601878,浙商证券,09:40:29,16.8,167453,16.78,买盘
780,601878,浙商证券,09:40:27,16.78,100969,16.78,卖盘
781,601878,浙商证券,09:40:24,16.78,113978,16.77,买盘
782,601878,浙商证券,09:40:20,16.77,58500,16.8,卖盘
783,601878,浙商证券,09:40:17,16.8,162849,16.79,买盘
784,601878,浙商证券,09:40:14,16.79,122500,16.78,买盘
785,601878,浙商证券,09:40:11,16.78,81599,16.79,卖盘
786,601878,浙商证券,09:40:08,16.79,130152,16.79,买盘
787,601878,浙商证券,09:40:05,16.79,98347,16.78,买盘
788,601878,浙商证券,09:40:02,16.78,119292,16.77,买盘
789,601878,浙商证券,09:39:59,16.77,89600,16.78,卖盘
790,601878,浙商证券,09:39:56,16.78,88300,16.75,买盘
791,601878,浙商证券,09:39:53,16.75,84700,16.75,卖盘
792,601878,浙商证券,09:39:50,16.75,58606,16.75,卖盘
793,601878,浙商证券,09:39:47,16.75,62894,16.78,中性盘
794,601878,浙商证券,09:39:44,16.78,225997,16.74,买盘
795,601878,浙商证券,09:39:41,16.74,82047,16.73,买盘
796,601878,浙商证券,09:39:38,16.73,74594,16.72,买盘
797,601878,浙商证券,09:39:35,16.72,93949,16.74,卖盘
798,601878,浙商证券,09:39:32,16.74,82594,16.75,卖盘
799,601878,浙商证券,09:39:29,16.75,127286,16.72,买盘
800,601878,浙商证券,09:39:26,16.72,79000,16.72,买盘
801,601878,浙商证券,09:39:23,16.72,64100,16.72,卖盘
802,601878,浙商证券,09:39:20,16.72,100347,16.74,卖盘
803,601878,浙商证券,09:39:17,16.74,89249,16.72,买盘
804,601878,浙商证券,09:39:14,16.72,147794,16.7,买盘
805,601878,浙商证券,09:39:11,16.7,125333,16.71,卖盘
806,601878,浙商证券,09:39:08,16.71,98300,16.71,卖盘
807,601878,浙商证券,09:39:05,16.71,80200,16.72,卖盘
808,601878,浙商证券,09:39:02,16.72,89000,16.68,买盘
809,601878,浙商证券,09:38:59,16.68,86200,16.7,卖盘
810,601878,浙商证券,09:38:56,16.7,146345,16.7,卖盘
811,601878,浙商证券,09:38:53,16.7,121673,16.67,买盘
812,601878,浙商证券,09:38:50,16.67,97694,16.68,卖盘
813,601878,浙商证券,09:38:47,16.68,138847,16.67,买盘
814,601878,浙商证券,09:38:44,16.67,143100,16.67,买盘
815,601878,浙商证券,09:38:41,16.67,94300,16.67,买盘
816,601878,浙商证券,09:38:38,16.67,151516,16.69,卖盘
817,601878,浙商证券,09:38:35,16.69,95343,16.68,买盘
818,601878,浙商证券,09:38:32,16.68,100247,16.67,买盘
819,601878,浙商证券,09:38:29,16.67,85400,16.7,卖盘
820,601878,浙商证券,09:38:26,16.7,87494,16.68,买盘
821,601878,浙商证券,09:38:23,16.68,99300,16.67,卖盘
822,601878,浙商证券,09:38:20,16.67,63300,16.7,卖盘
823,601878,浙商证券,09:38:17,16.7,65600,16.7,买盘
824,601878,浙商证券,09:38:14,16.7,158647,16.7,买盘
825,601878,浙商证券,09:38:11,16.7,71082,16.69,买盘
826,601878,浙商证券,09:38:08,16.69,51800,16.69,卖盘
827,601878,浙商证券,09:38:05,16.69,58900,16.73,卖盘
828,601878,浙商证券,09:38:02,16.73,125800,16.7,买盘
829,601878,浙商证券,09:37:59,16.7,271514,16.75,卖盘
830,601878,浙商证券,09:37:56,16.75,92800,16.76,中性盘
831,601878,浙商证券,09:37:53,16.76,168668,16.76,买盘
832,601878,浙商证券,09:37:50,16.76,74000,16.77,卖盘
833,601878,浙商证券,09:37:47,16.77,275100,16.76,买盘
834,601878,浙商证券,09:37:44,16.76,426147,16.78,卖盘
835,601878,浙商证券,09:37:41,16.78,83247,16.76,买盘
836,601878,浙商证券,09:37:38,16.76,66947,16.77,卖盘
837,601878,浙商证券,09:37:35,16.77,102847,16.78,卖盘
838,601878,浙商证券,09:37:32,16.78,99677,16.79,卖盘
839,601878,浙商证券,09:37:29,16.79,131243,16.79,卖盘
840,601878,浙商证券,09:37:26,16.79,92147,16.78,买盘
841,601878,浙商证券,09:37:23,16.78,112900,16.78,卖盘
842,601878,浙商证券,09:37:20,16.78,97100,16.78,卖盘
843,601878,浙商证券,09:37:17,16.78,77028,16.79,卖盘
844,601878,浙商证券,09:37:14,16.79,123490,16.8,卖盘
845,601878,浙商证券,09:37:11,16.8,127829,16.79,买盘
846,601878,浙商证券,09:37:08,16.79,75000,16.8,卖盘
847,601878,浙商证券,09:37:05,16.8,78500,16.77,买盘
848,601878,浙商证券,09:37:02,16.77,158000,16.79,卖盘
849,601878,浙商证券,09:36:59,16.79,159396,16.79,买盘
850,601878,浙商证券,09:36:56,16.79,170404,16.81,卖盘
851,601878,浙商证券,09:36:53,16.81,157461,16.81,卖盘
852,601878,浙商证券,09:36:50,16.81,294994,16.79,买盘
853,601878,浙商证券,09:36:47,16.79,132307,16.8,卖盘
854,601878,浙商证券,09:36:44,16.8,220094,16.79,买盘
855,601878,浙商证券,09:36:41,16.79,223900,16.8,卖盘
856,601878,浙商证券,09:36:38,16.8,125500,16.79,买盘
857,601878,浙商证券,09:36:35,16.79,130986,16.8,中性盘
858,601878,浙商证券,09:36:32,16.8,111547,16.79,买盘
859,601878,浙商证券,09:36:29,16.79,101594,16.8,卖盘
860,601878,浙商证券,09:36:26,16.8,158642,16.77,买盘
861,601878,浙商证券,09:36:21,16.77,133496,16.79,卖盘
862,601878,浙商证券,09:36:18,16.79,473442,16.8,卖盘
863,601878,浙商证券,09:36:15,16.8,140747,16.79,买盘
864,601878,浙商证券,09:36:12,16.79,111100,16.78,买盘
865,601878,浙商证券,09:36:09,16.78,137194,16.78,卖盘
866,601878,浙商证券,09:36:06,16.78,200166,16.8,中性盘
867,601878,浙商证券,09:36:03,16.8,203157,16.79,买盘
868,601878,浙商证券,09:36:00,16.79,116247,16.77,中性盘
869,601878,浙商证券,09:35:57,16.77,291708,16.79,卖盘
870,601878,浙商证券,09:35:54,16.79,111300,16.76,买盘
871,601878,浙商证券,09:35:51,16.76,99400,16.79,卖盘
872,601878,浙商证券,09:35:48,16.79,128241,16.79,买盘
873,601878,浙商证券,09:35:45,16.79,210898,16.75,买盘
874,601878,浙商证券,09:35:42,16.75,106398,16.76,卖盘
875,601878,浙商证券,09:35:39,16.76,112700,16.8,中性盘
876,601878,浙商证券,09:35:36,16.8,213893,16.77,买盘
877,601878,浙商证券,09:35:33,16.77,264197,16.8,卖盘
878,601878,浙商证券,09:35:30,16.8,178037,16.8,卖盘
879,601878,浙商证券,09:35:27,16.8,146388,16.8,卖盘
880,601878,浙商证券,09:35:24,16.8,159994,16.8,卖盘
881,601878,浙商证券,09:35:21,16.8,215941,16.8,买盘
882,601878,浙商证券,09:35:18,16.8,206451,16.78,买盘
883,601878,浙商证券,09:35:15,16.78,263402,16.79,卖盘
884,601878,浙商证券,09:35:12,16.79,193400,16.85,卖盘
885,601878,浙商证券,09:35:09,16.85,282447,16.79,买盘
886,601878,浙商证券,09:35:06,16.79,284900,16.8,卖盘
887,601878,浙商证券,09:35:03,16.8,651706,16.85,卖盘
888,601878,浙商证券,09:35:00,16.85,525990,16.85,买盘
889,601878,浙商证券,09:34:57,16.85,181747,16.85,买盘
890,601878,浙商证券,09:34:54,16.85,179049,16.87,卖盘
891,601878,浙商证券,09:34:51,16.87,115851,16.85,中性盘
892,601878,浙商证券,09:34:48,16.85,131545,16.81,买盘
893,601878,浙商证券,09:34:45,16.81,152941,16.8,卖盘
894,601878,浙商证券,09:34:42,16.8,173371,16.8,卖盘
895,601878,浙商证券,09:34:39,16.8,244639,16.81,卖盘
896,601878,浙商证券,09:34:36,16.81,340740,16.79,买盘
897,601878,浙商证券,09:34:33,16.79,144900,16.75,卖盘
898,601878,浙商证券,09:34:30,16.75,169101,16.78,卖盘
899,601878,浙商证券,09:34:27,16.78,236593,16.79,卖盘
900,601878,浙商证券,09:34:24,16.79,85594,16.74,买盘
901,601878,浙商证券,09:34:21,16.74,123940,16.78,卖盘
902,601878,浙商证券,09:34:18,16.78,95094,16.78,买盘
903,601878,浙商证券,09:34:15,16.78,163664,16.69,买盘
904,601878,浙商证券,09:34:12,16.69,504511,16.71,卖盘
905,601878,浙商证券,09:34:09,16.71,162106,16.7,买盘
906,601878,浙商证券,09:34:06,16.7,337924,16.69,买盘
907,601878,浙商证券,09:34:03,16.69,181247,16.69,买盘
908,601878,浙商证券,09:34:00,16.69,109847,16.69,卖盘
909,601878,浙商证券,09:33:57,16.69,156996,16.69,买盘
910,601878,浙商证券,09:33:54,16.69,196443,16.65,买盘
911,601878,浙商证券,09:33:51,16.65,165441,16.66,卖盘
912,601878,浙商证券,09:33:48,16.66,508241,16.61,买盘
913,601878,浙商证券,09:33:45,16.61,226500,16.61,卖盘
914,601878,浙商证券,09:33:42,16.61,166039,16.62,卖盘
915,601878,浙商证券,09:33:39,16.62,211589,16.62,卖盘
916,601878,浙商证券,09:33:36,16.62,192492,16.6,买盘
917,601878,浙商证券,09:33:33,16.6,207686,16.61,卖盘
918,601878,浙商证券,09:33:30,16.61,212552,16.56,中性盘
919,601878,浙商证券,09:33:27,16.56,225739,16.6,卖盘
920,601878,浙商证券,09:33:24,16.6,206247,16.56,买盘
921,601878,浙商证券,09:33:21,16.56,250694,16.55,中性盘
922,601878,浙商证券,09:33:18,16.55,212473,16.56,卖盘
923,601878,浙商证券,09:33:15,16.56,241541,16.6,卖盘
924,601878,浙商证券,09:33:12,16.6,541990,16.55,买盘
925,601878,浙商证券,09:33:09,16.55,227288,16.55,卖盘
926,601878,浙商证券,09:33:06,16.55,198447,16.55,卖盘
927,601878,浙商证券,09:33:03,16.55,147409,16.6,中性盘
928,601878,浙商证券,09:33:00,16.6,231697,16.55,买盘
929,601878,浙商证券,09:32:57,16.55,175300,16.65,卖盘
930,601878,浙商证券,09:32:54,16.65,142149,16.6,买盘
931,601878,浙商证券,09:32:51,16.6,213900,16.63,卖盘
932,601878,浙商证券,09:32:48,16.63,857280,16.68,卖盘
933,601878,浙商证券,09:32:45,16.68,246078,16.68,买盘
934,601878,浙商证券,09:32:42,16.68,194749,16.65,买盘
935,601878,浙商证券,09:32:39,16.65,176347,16.68,卖盘
936,601878,浙商证券,09:32:36,16.68,238922,16.7,卖盘
937,601878,浙商证券,09:32:33,16.7,204047,16.68,买盘
938,601878,浙商证券,09:32:30,16.68,168947,16.7,卖盘
939,601878,浙商证券,09:32:27,16.7,370496,16.68,中性盘
940,601878,浙商证券,09:32:24,16.68,223456,16.7,卖盘
941,601878,浙商证券,09:32:21,16.7,290102,16.75,卖盘
942,601878,浙商证券,09:32:18,16.75,282647,16.7,买盘
943,601878,浙商证券,09:32:15,16.7,241531,16.68,买盘
944,601878,浙商证券,09:32:12,16.68,250947,16.8,卖盘
945,601878,浙商证券,09:32:09,16.8,221949,16.77,买盘
946,601878,浙商证券,09:32:06,16.77,206247,16.79,中性盘
947,601878,浙商证券,09:32:03,16.79,336426,16.79,买盘
948,601878,浙商证券,09:32:00,16.79,395255,16.8,卖盘
949,601878,浙商证券,09:31:57,16.8,166798,16.87,卖盘
950,601878,浙商证券,09:31:54,16.87,261547,16.8,买盘
951,601878,浙商证券,09:31:51,16.8,342200,16.8,买盘
952,601878,浙商证券,09:31:48,16.8,443321,16.9,中性盘
953,601878,浙商证券,09:31:45,16.9,297600,16.9,买盘
954,601878,浙商证券,09:31:42,16.9,497900,16.8,买盘
955,601878,浙商证券,09:31:39,16.8,409659,16.94,卖盘
956,601878,浙商证券,09:31:36,16.94,503300,16.9,买盘
957,601878,浙商证券,09:31:33,16.9,372300,16.95,卖盘
958,601878,浙商证券,09:31:30,16.95,608779,16.94,中性盘
959,601878,浙商证券,09:31:27,16.94,368788,16.91,买盘
960,601878,浙商证券,09:31:24,16.91,353660,16.94,卖盘
961,601878,浙商证券,09:31:21,16.94,240436,16.94,卖盘
962,601878,浙商证券,09:31:18,16.94,262686,16.9,买盘
963,601878,浙商证券,09:31:15,16.9,230594,16.89,买盘
964,601878,浙商证券,09:31:12,16.89,214147,16.9,中性盘
965,601878,浙商证券,09:31:09,16.9,269000,16.8,买盘
966,601878,浙商证券,09:31:06,16.8,229043,16.81,卖盘
967,601878,浙商证券,09:31:03,16.81,220398,16.75,中性盘
968,601878,浙商证券,09:31:00,16.75,818784,16.78,卖盘
969,601878,浙商证券,09:30:57,16.78,417142,16.73,买盘
970,601878,浙商证券,09:30:54,16.73,265094,16.7,中性盘
971,601878,浙商证券,09:30:51,16.7,595195,16.73,卖盘
972,601878,浙商证券,09:30:48,16.73,591087,16.7,中性盘
973,601878,浙商证券,09:30:45,16.7,219647,16.7,买盘
974,601878,浙商证券,09:30:42,16.7,242788,16.72,买盘
975,601878,浙商证券,09:30:39,16.72,455941,16.66,买盘
976,601878,浙商证券,09:30:36,16.66,302557,16.68,卖盘
977,601878,浙商证券,09:30:33,16.68,260592,16.75,卖盘
978,601878,浙商证券,09:30:30,16.75,350824,16.73,买盘
979,601878,浙商证券,09:30:27,16.73,432349,16.65,买盘
980,601878,浙商证券,09:30:24,16.65,723400,16.78,卖盘
981,601878,浙商证券,09:30:21,16.78,263290,16.78,买盘
982,601878,浙商证券,09:30:18,16.78,567779,16.73,买盘
983,601878,浙商证券,09:30:15,16.73,260700,16.7,中性盘
984,601878,浙商证券,09:30:12,16.7,372235,16.65,中性盘
985,601878,浙商证券,09:30:09,16.65,423488,16.7,中性盘
986,601878,浙商证券,09:30:06,16.7,2263288,16.7,买盘
987,601878,浙商证券,09:30:03,16.7,5468097,16.73,中性盘
988,601878,浙商证券,09:30:00,16.73,1530180,16.79,卖盘
989,601878,浙商证券,09:25:03,16.79,7424300,0.0,买盘
