,code,name,time,price,volume,preprice,type
0,601678,滨化股份,14:59:43,6.95,431140,6.94,买盘
1,601678,滨化股份,14:59:03,6.94,93500,6.93,买盘
2,601678,滨化股份,14:55:06,6.94,51000,6.94,买盘
3,601678,滨化股份,14:51:41,6.94,44900,6.92,买盘
4,601678,滨化股份,14:45:10,6.94,100000,6.93,买盘
5,601678,滨化股份,14:38:48,6.9,141040,6.9,买盘
6,601678,滨化股份,14:07:13,6.88,193661,6.9,卖盘
7,601678,滨化股份,14:06:13,6.89,50000,6.9,卖盘
8,601678,滨化股份,14:05:10,6.89,50000,6.9,卖盘
9,601678,滨化股份,13:58:13,6.89,119100,6.89,卖盘
10,601678,滨化股份,13:56:58,6.9,45700,6.91,卖盘
11,601678,滨化股份,13:48:07,6.88,61100,6.89,卖盘
12,601678,滨化股份,13:46:46,6.89,40300,6.9,卖盘
13,601678,滨化股份,13:45:46,6.9,57500,6.91,卖盘
14,601678,滨化股份,13:43:22,6.91,50939,6.92,卖盘
15,601678,滨化股份,13:35:10,6.94,40000,6.94,买盘
16,601678,滨化股份,13:34:21,6.93,44900,6.94,卖盘
17,601678,滨化股份,13:26:22,6.96,53200,6.95,买盘
18,601678,滨化股份,13:16:55,6.95,50000,6.95,买盘
19,601678,滨化股份,11:15:21,6.91,56700,6.93,卖盘
20,601678,滨化股份,11:12:54,6.94,43000,6.93,买盘
21,601678,滨化股份,11:11:11,6.93,47500,6.93,买盘
22,601678,滨化股份,11:08:35,6.94,76800,6.92,买盘
23,601678,滨化股份,10:53:30,6.9,70680,6.93,卖盘
24,601678,滨化股份,10:40:22,6.93,123300,6.93,卖盘
25,601678,滨化股份,10:39:49,6.93,48800,6.92,买盘
26,601678,滨化股份,10:34:54,6.89,61773,6.89,卖盘
27,601678,滨化股份,10:29:21,6.88,45380,6.88,买盘
28,601678,滨化股份,10:28:57,6.88,90000,6.88,卖盘
29,601678,滨化股份,10:28:45,6.89,50000,6.89,买盘
30,601678,滨化股份,10:14:57,6.87,100500,6.88,卖盘
31,601678,滨化股份,10:09:51,6.86,86600,6.87,卖盘
32,601678,滨化股份,10:09:21,6.86,42700,6.86,卖盘
33,601678,滨化股份,10:08:39,6.87,49420,6.88,卖盘
34,601678,滨化股份,10:03:02,6.88,65500,6.89,卖盘
35,601678,滨化股份,10:01:32,6.9,68200,6.91,卖盘
36,601678,滨化股份,10:00:26,6.91,40100,6.92,卖盘
37,601678,滨化股份,09:55:18,6.91,50000,6.92,卖盘
38,601678,滨化股份,09:49:39,6.92,42048,6.92,卖盘
39,601678,滨化股份,09:49:27,6.93,50000,6.92,买盘
40,601678,滨化股份,09:48:36,6.93,42100,6.93,卖盘
41,601678,滨化股份,09:48:30,6.93,58800,6.93,卖盘
42,601678,滨化股份,09:47:27,6.95,42700,6.95,卖盘
43,601678,滨化股份,09:47:15,6.95,50700,6.95,卖盘
44,601678,滨化股份,09:42:27,6.97,43600,6.97,买盘
45,601678,滨化股份,09:38:50,6.97,56700,6.98,卖盘
46,601678,滨化股份,09:38:21,6.97,69900,6.96,买盘
47,601678,滨化股份,09:37:45,6.96,64800,6.96,买盘
48,601678,滨化股份,09:36:33,6.96,76800,6.96,卖盘
49,601678,滨化股份,09:36:18,6.96,76600,6.95,买盘
50,601678,滨化股份,09:35:27,6.98,106301,6.98,买盘
51,601678,滨化股份,09:35:09,6.98,102100,6.98,买盘
52,601678,滨化股份,09:34:54,6.98,289101,6.96,买盘
53,601678,滨化股份,09:34:39,6.95,50500,6.96,卖盘
54,601678,滨化股份,09:33:21,6.92,41000,6.94,卖盘
55,601678,滨化股份,09:30:03,6.92,120200,6.91,买盘
56,601678,滨化股份,09:25:04,6.91,113200,0.0,买盘
